3098 5184
238 251 338 309 XVIII
719 255 991 312 pensurum

241 447 320 493 nunc
346 428 536 510 imperatoria
565 429 620 493 sub
641 431 696 495 No.
711 431 876 500 3925-33
907 433 1037 515 quinque
1065 431 1180 496 Primae
1208 432 1329 497 codices
1357 439 1471 509 extare,

241 539 395 606 Secundae
416 546 446 602 et
467 538 595 613 Quartae
617 549 757 622 quatuor,
787 543 904 606 Tertiae
925 561 984 605 non
1007 543 1103 605 minus
1125 561 1212 623 quam
1235 550 1319 623 octo,
1345 542 1471 616 OuIntae

241 651 371 732 denique
392 667 496 729 unum,
519 649 599 713 idem
620 651 657 714 ad
679 651 805 734 catalogi
826 652 913 716 sidem
936 652 1061 716 affirmat
1075 652 1255 729 Theinerusr
1278 654 1348 734 quin
1369 660 1399 715 et
1416 669 1470 734 pro

241 769 325 824 certo
345 760 507 840 habuerim,
530 762 606 824 inter
627 739 748 825 aliarum
770 763 848 826 illius
869 764 956 845 regni
970 762 1212 826 bibliothecarum
1228 761 1330 841 libros,
1351 762 1401 843 qui
1416 779 1472 825 eos

239 872 320 952 ipsos
347 871 523 952 inspexerit,
553 872 735 953 antiquarum
765 872 973 936 collectionum
1000 873 1099 954 plures
1129 872 1249 935 codices
1274 889 1346 936 esse
1366 873 1471 935 inven-

238 988 352 1060 turum,
382 998 470 1061 quam
499 999 538 1043 ex
561 981 704 1063 catalogis
726 981 914 1046 Haenelianis
941 982 1116 1063 sperandum
1138 983 1289 1062 videatur,
1318 988 1418 1062 utpote
1440 982 1471 1043 iu

241 1091 364 1172 quibus,
395 1107 470 1172 quos
496 1088 601 1154 fiducia
628 1091 754 1173 quadam
781 1091 840 1154 buc
868 1109 974 1174 posses
995 1091 1109 1155 referre
1131 1091 1222 1155 libros
1245 1093 1472 1172 manuscriptos,

240 1200 378 1281 equidem
400 1216 460 1262 non
474 1200 648 1281 invenerim,
670 1203 726 1264 nisi
741 1201 962 1284 andegavense
983 1201 1178 1277 „breviarium
1193 1199 1231 1264 bl.
1245 1201 1387 1265 Bernardi
1402 1219 1470 1264 cum

241 1327 354 1373 summa
370 1309 533 1372 Teneredi“
544 1309 595 1390 ¹⁹),
612 1318 641 1374 et
652 1309 812 1386 „Bernmdi
823 1309 925 1392 Praep.
941 1311 1117 1374 breviarIom
1133 1301 1404 1394 e'rtravagantium“
1415 1311 1469 1389 ²⁰),

239 1420 318 1501 quod
341 1419 556 1486 Valentinianis
585 1427 672 1483 extat.
718 1420 777 1486 Sed
807 1420 854 1483 vel
881 1422 956 1483 intra
978 1420 1152 1485 Germanlae
1178 1421 1252 1484 ines
1273 1437 1380 1484 novam
1402 1426 1473 1501 post

238 1533 436 1614 augustinum
465 1531 623 1594 editionem
651 1538 788 1613 peratore
817 1548 943 1613 magnus
971 1531 1111 1594 librorum
1133 1533 1394 1614 manuscriptorum
1416 1547 1472 1592 nu-

239 1659 340 1704 merus
361 1659 420 1704 non
442 1642 498 1704 erit
524 1639 686 1704 defuturus.
730 1640 774 1704 De
796 1641 882 1704 Alani
912 1641 1030 1722 quidem
1059 1648 1090 1704 et
1111 1641 1232 1704 Gilbcrti
1259 1640 1472 1722 compilationi-

238 1751 302 1830 bus,
325 1753 351 1816 si
372 1751 450 1815 illam
472 1753 606 1814 invenire
628 1753 815 1833 contingeret
836 1751 950 1832 editori,
975 1750 1051 1814 hanc
1074 1769 1145 1814 vero
1163 1753 1221 1814 iam
1236 1752 1383 1814 inventam
1399 1765 1472 1812 esse

238 1879 277 1924 ex
298 1863 481 1926 accuratiore
509 1859 752 1925 bibliothecarum
781 1862 1016 1942 perscrutatione
1044 1860 1212 1942 patefieret,
1240 1860 1401 1941 itidemque
1431 1858 1472 1920 de

238 1970 473 2053 Compostellana
487 1973 548 2052 2¹),
577 1989 700 2053 quarum
728 1989 765 2034 ea
793 1978 875 2034 certe
904 1971 1045 2052 capitula,
1075 1987 1152 2053 quae
1178 1973 1208 2034 in
1230 1970 1396 2036 Secundam
1421 1967 1471 2031 vel

120 2119 125 2130 ι
238 2081 366 2145 Tertiam
389 2099 449 2144 non
474 2082 669 2156 transierunt,
700 2080 782 2144 hisce
803 2087 905 2144 essent
926 2081 1107 2160 adiicienda,
1135 2081 1172 2144 ad
1200 2088 1321 2146 exteros
1342 2079 1472 2142 fortasse

236 2207 297 2254 non
317 2192 424 2271 poterit
445 2192 548 2254 evitari
569 2190 727 2272 refugium.
772 2191 903 2254 Aliarum
927 2207 998 2253 vero
1020 2189 1236 2272 collectionum,
1259 2193 1348 2272 inque
1370 2188 1471 2269 primis

238 2299 377 2363 breviarii
390 2300 561 2364 Bernardini
576 2301 625 2364 vel
640 2301 722 2376 mihi,
744 2302 794 2382 qui
813 2299 1021 2364 visitandarum
1036 2299 1279 2364 bibliothecarum
1295 2298 1471 2362 Germaniae

237 2409 346 2474 nullam
368 2410 521 2474 habuerim
541 2413 801 2492 opportunitatem,
831 2427 919 2492 quam
946 2409 1063 2491 plurimi
1091 2412 1280 2474 innotuerunt
1299 2411 1374 2472 intra
1397 2405 1471 2470 Ger-

239 2521 364 2583 maniam
392 2520 457 2583 libri
489 2522 689 2602 manusoripti.
738 2519 811 2583 Nam
833 2519 973 2583 Richtero
988 2521 1030 2596 22)
1052 2527 1147 2600 teste,
1170 2529 1201 2584 et
1221 2521 1338 2602 Lipsiae
1360 2517 1418 2579 duo
1439 2517 1471 2578 in

236 2629 414 2694 bibliotheca
434 2629 550 2694 Paulina
569 2637 679 2711 extant,
709 2648 832 2711 quorum
855 2630 929 2693 alter
950 2637 1012 2693 tres
1033 2631 1163 2711 priores,
1193 2632 1267 2695 alter
1287 2635 1418 2710 quartam
1441 2632 1472 2687 et

238 2739 367 2822 quictem
386 2739 578 2804 collecti0nes
599 2759 617 2802 a
639 2739 742 2804 schola
763 2745 902 2822 receptas
924 2740 1068 2818 continet,
1098 2748 1128 2806 et
1148 2739 1299 2821 Morburgi
1320 2735 1470 2800 secundae

239 2856 268 2910 et
290 2856 410 2930 quartae
431 2868 522 2931 unus;
548 2851 665 2932 quintae
688 2850 822 2913 codicem
839 2849 1032 2912 Vindobonae
1052 2849 1169 2930 adesse,
1192 2857 1272 2931 patet
1286 2869 1325 2912 ox
1338 2848 1470 2929 Riegge·

237 2958 319 3022 riana
350 2959 496 3042 editione;
528 2959 705 3023 bibliotheca
726 2957 1000 3036 Francqurtensis,
1033 2958 1103 3021 olim
1124 2958 1154 3024 S.
1178 2958 1412 3034 Bartholomeei,
1440 2956 1470 3017 in

237 3067 303 3131 Vol.
318 3065 447 3134 XXlllll.
471 3070 586 3133 tertiam
607 3077 637 3133 et
659 3075 792 3152 quartam
813 3068 962 3149 possidet,
986 3085 1059 3152 quas
1080 3069 1147 3150 ipse
1169 3069 1243 3151 vidi,
1270 3065 1471 3132 Bemardinae

273 3391 306 3459 ¹⁹)
326 3391 365 3446 cf.
378 3397 502 3450 noerellus
521 3397 539 3449 1.
553 3412 576 3449 e.
591 3413 616 3464 p.
628 3394 672 3452 28.
725 3395 759 3461 ²³)
780 3394 883 3449 Ibidem
904 3413 930 3464 p.
944 3395 1005 3452 tet.

270 3480 305 3544 ²¹)
326 3479 434 3534 Praeter
453 3481 611 3549 Estensem,
634 3483 668 3535 de
692 3497 746 3549 quo
771 3497 854 3550 supra
876 3482 946 3550 dixi,
970 3489 1050 3550 atque
1075 3483 1292 3548 Laudicensem,
1318 3497 1398 3548 quem
1424 3481 1468 3534 de·

323 3570 430 3636 scripsit
447 3571 571 3622 matrerm
588 3571 630 3622 in:
655 3568 824 3622 Recherchee
843 3575 892 3622 etc.
911 3587 937 3637 p.
950 3568 985 3624 49
999 3585 1056 3638 sq.,
1081 3572 1234 3622 nominasse
1252 3571 1354 3622 iuvabit
1371 3569 1468 3622 biblio·
1544 3629 1545 3634 ἵ

322 3655 415 3709 thecae
427 3655 589 3709 Barberinae
602 3655 700 3709 librum
720 3658 759 3708 alc
777 3657 950 3722 irmignitum:
971 3653 1135 3710 „Innocentii
1148 3655 1198 3708 IlI.
1218 3655 1390 3708 decretalium
1409 3656 1468 3708 bre-

320 3740 434 3796 viarium
451 3759 499 3809 per
514 3742 680 3795 Bernardum
695 3740 849 3810 compost«
869 3743 914 3806 (ei.
928 3746 1032 3796 bluntm
1045 3743 1063 3795 l.
1076 3757 1099 3795 c.
1111 3761 1139 3811 p.
1152 3741 1222 3810 149),
1242 3749 1268 3795 et
1281 3741 1467 3794 Basileensem

322 3829 420 3882 slmilis
441 3829 526 3895 tituli,
551 3828 626 3882 seih:
654 3827 784 3896 ..Hispani
802 3828 931 3882 Bernardi
953 3828 1090 3896 compost.
1112 3830 1275 3882 breviarIum
1292 3827 1468 3881 decretalium

321 3913 471 3968 Innocentii
482 3913 549 3968 111.«
570 3916 615 3978 (ei.
628 3917 733 3968 maelii
744 3915 821 3968 catal.
833 3932 859 3983 p.
869 3913 948 3983 556),
971 3931 1052 3982 quem
1077 3915 1212 3983 codicem,
1239 3931 1300 3968 eum
1324 3915 1353 3967 ln
1375 3913 1470 3968 acade-

322 4003 390 4055 miae
416 4004 451 4056 sit
473 4001 649 4069 bibliotheca,
674 4018 723 4070 pro
747 4008 853 4068 nostro,
876 4017 931 4056 non
954 4007 1102 4056 exterorum
1122 4003 1220 4056 habere
1239 4003 1319 4056 nobis
1338 4002 1469 4068 quodam-

320 4088 401 4141 modo
418 4089 490 4142 lieet.
527 4085 651 4142 Ceterum
669 4089 697 4141 id
715 4089 858 4142 adnotasse
881 4089 979 4156 velim,
1004 4105 1020 4141 a
1036 4091 1208 4155 lllplerttaccle
1225 4087 1362 4155 Iol-154⁸,
1387 4090 1469 4141 cuius

319 4173 418 4228 librum
439 4191 545 4228 summe
562 4191 626 4240 erga
650 4191 692 4228 me
717 4177 839 4227 comitate
865 4177 992 4242 magister
1018 4191 1096 4228 meus
1120 4191 1225 4228 mecum
1250 4175 1470 4243 communicavit,

319 4259 552 4328 compostellanae
571 4261 738 4314 collectionis
755 4262 861 4313 initium
887 4263 925 4314 sie
949 4263 1054 4314 reierrl:
1083 4259 1276 4314 „Innocentius
1294 4260 1344 4314 111.
1361 4257 1469 4327 Aperte

321 4347 381 4398 licea
403 4347 523 4398 servitutis
545 4347 641 4412 officio,
666 4363 714 4412 quo
736 4347 882 4412 sapientibus
903 4357 961 4400 eta«
982 4353 1062 4414 atque
1088 4350 1116 4400 in
1140 4347 1215 4402 illios
1237 4349 1329 4403 codiee
1347 4349 1415 4403 haec
1433 4351 1469 4402 ed

319 4437 401 4487 linem
420 4435 508 4501 operis
523 4435 607 4486 luisse
620 4433 734 4486 adiecta:
752 4433 895 4486 Extremum
913 4451 943 4484 aa
959 4433 1069 4499 repiatrr‘a
1080 4432 1164 4486 lance.
1183 4452 1200 4484 α
1214 4435 1335 4500 prabeipr'o
1351 4435 1393 4486 sei
1403 4453 1468 4502 pora-

320 4521 426 4584 tqfieotus
442 4536 517 4584 usqae
535 4519 570 4570 ed
586 4519 706 4571 deoa'rnum

268 4608 302 4670 ²²)
321 4606 361 4660 Gi.
380 4605 483 4660 Ocmm.
501 4607 545 4660 cit.
564 4623 591 4674 p·
604 4606 630 4662 5.
649 4613 704 4660 not.
721 4607 749 4662 ll
771 4614 797 4660 et
815 4608 915 4676 signer.
936 4607 1077 4675 explicatio
1096 4609 1124 4660 in
1143 4606 1172 4684 Ο.ι
1185 4605 1207 4658 1.
1227 4606 1293 4660 Gan.
1313 4605 1344 4658 P.
1356 4605 1394 4660 II.
