3062 5174
460 225 579 286 GASUS
611 225 898 285 DECRE'I'ALIUM.
962 291 966 300 ,
1239 227 1296 291 341

16 445 17 448 ,
53 419 177 460 cessum
209 405 382 476 episeopus,
418 407 499 462 cuius
532 405 657 461 ecclesia
706 407 826 462 calicem
862 423 951 462 unum
985 413 1014 463 et
1046 423 1162 464 servum
1196 426 1295 480 unum,

54 502 173 568 fueret,
198 501 348 572 praedicta
369 503 463 574 legata
483 504 559 557 inter
579 502 657 558 bona
706 504 757 574 qui
778 510 845 559 sunt
865 503 937 559 iuris
963 504 1053 560 alieni
1074 511 1106 560 tu
1126 513 1184 562 met
1203 508 1295 578 pluri-

54 597 196 654 deiuncti
224 599 353 667 invenit,
382 615 426 655 res
454 601 562 672 legatas
583 601 655 655 iortc
706 617 784 655 mum
812 601 936 674 rigorem
964 603 1060 674 legum
1088 599 1194 678 (sici),
1223 620 1296 676 quae

53 695 143 766 apud
163 711 242 750 suam
259 697 408 751 ecclesiam
431 695 654 764 commendatus,
706 697 822 765 dicunt,
846 697 939 768 quod,
962 700 987 754 si
1009 705 1125 756 testator
1145 715 1204 756 rem
1226 702 1296 757 alie-

53 793 125 847 scil.
150 791 269 848 calicem
292 793 444 864 quemdam
461 800 488 848 ct
503 792 655 864 quemdam
705 811 771 849 nam
793 795 914 850 scienter
935 795 987 850 alii
1008 797 1098 868 legat,
1126 803 1194 854 tuno
1215 799 1296 856 heres

52 905 183 960 puerum
205 905 328 957 servum,
351 892 402 962 qui
421 907 519 945 servus
534 897 562 946 et
576 891 654 946 calix
704 891 765 946 eins
786 899 898 947 tenetur
912 907 975 948 eam
991 909 1092 962 emere,
1115 901 1143 950 et
1156 896 1295 968 legatorio

53 987 213 1042 cuiusdam
234 987 374 1042 ecelesiae
389 989 471 1042 euius
486 996 567 1042 erant
581 1003 653 1058 quos
704 1004 767 1043 eam
795 989 842 1043 vel
870 990 932 1044 eius
960 991 1188 1048 aestimationem
1212 1009 1296 1064 prac-

55 1084 208 1139 testotoris
235 1083 354 1140 heredes
383 1083 502 1140 reddere
529 1083 654 1140 debebat
703 1093 793 1153 stare,
823 1085 901 1158 quod
922 1087 1056 1142 uolumus
1085 1087 1115 1143 in
1136 1089 1191 1144 hac
1212 1097 1294 1161 parte

55 1181 203 1236 ecclesiae
224 1182 306 1236 cuius
328 1189 409 1236 erant
430 1175 530 1254 (sici).
577 1181 653 1249 Quis
703 1182 843 1252 obtinere,
859 1193 886 1239 et
900 1190 931 1238 tu
946 1185 1082 1256 episcope
1098 1201 1162 1242 cum
1178 1188 1293 1244 clericis

55 1295 140 1346 vero,
162 1293 227 1334 oum
249 1293 292 1333 res
315 1279 410 1334 aliena
428 1280 548 1352 legetur,
571 1279 652 1333 here·
702 1279 759 1334 tuis
781 1278 922 1335 debuistis
944 1281 1041 1337 aliena
1065 1284 1230 1352 restituere,
1260 1278 1313 1342 ex'

56 1375 112 1431 des
135 1391 197 1431 eam
219 1374 326 1432 debent
351 1391 443 1432 emere
465 1383 493 1431 et
513 1375 651 1448 legatario
703 1391 760 1446 quo
782 1375 815 1431 P.
837 1376 1060 1434 archidiaconus
1088 1379 1161 1436 iuris
1182 1381 1293 1453 peritus

57 1472 147 1542 dare,
173 1473 338 1544 praedictus
368 1475 522 1545 episcopus
549 1489 583 1529 ea
604 1472 652 1528 de·
703 1475 745 1528 sic
766 1475 858 1530 iuerat
878 1482 1061 1545 protestatus,

57 1569 189 1638 timebat,
220 1585 274 1626 nec
302 1572 327 1626 ei
349 1571 510 1640 reposcenti
532 1569 653 1626 reddere
857 1577 1102 1602 ·-----·-

55 1667 187 1734 volebat,
209 1667 285 1722 unde
307 1668 385 1738 apud
407 1668 556 1723 dominum
579 1668 689 1738 Papum
711 1655 857 1738 querclam
880 1666 1029 1740 deposuit,
1057 1676 1085 1726 et
1108 1671 1172 1742 ipse
1193 1671 1297 1729 scribit

52 1765 152 1821 cidem
180 1767 332 1837 episcopo,
361 1765 431 1836 quia
451 1767 514 1836 ipse
535 1781 592 1820 non
615 1763 701 1818 debet
721 1765 820 1821 vivere
840 1765 903 1837 lege
931 1767 1039 1834 seculi,
1068 1765 1118 1822 sed
1142 1769 1205 1841 lege
1229 1771 1292 1840 Dei,

53 1862 160 1917 reddat
181 1863 301 1917 calicem
322 1869 350 1916 et
370 1877 490 1933 puerum
512 1877 635 1918 servum.
657 1889 696 1901 -
727 1871 884 1933 conquestus
905 1871 960 1918 est:
990 1863 1046 1918 Sed
1067 1863 1140 1934 quid
1161 1865 1199 1919 ad
1218 1881 1292 1936 eum,

53 1961 140 2016 ouius
162 1975 205 2014 res
226 1966 320 2015 essent
340 1953 473 2014 alicnae‘i
496 1975 552 2015 non
575 1959 650 2014 euim
672 1963 766 2028 potest
784 1959 814 2012 in
840 1975 896 2014 rem
919 1974 1010 2032 agere,
1033 1961 1116 2014 cuius
1131 1975 1189 2016 non
1203 1961 1292 2018 inter·

54 2063 116 2123 est3
145 2053 217 2127 quid
244 2057 381 2110 intererat
410 2058 510 2126 istius,
539 2057 609 2127 quia
636 2055 756 2110 calicem
785 2063 812 2110 et
840 2073 959 2126 puerum
988 2057 1109 2113 reddere
1130 2059 1290 2130 tenebatur,

53 2153 129 2208 torte
158 2151 237 2223 apud
264 2159 373 2223 patrem
403 2171 486 2208 snum
514 2153 660 2224 depositos
687 2153 734 2207 vel
764 2152 835 2208 forte
862 2153 939 2223 patri
963 2153 1080 2225 pignori
1101 2152 1243 2227 obligatos
1265 2163 1293 2213 et

52 2256 156 2320 postea
177 2249 274 2305 debito
296 2251 392 2305 soluto
412 2244 572 2305 liberatos?
602 2277 642 2290 -··
682 2251 774 2304 aliene
795 2250 938 2320 lepcoerit:
969 2251 1164 2324 Distinguitnr
1185 2260 1290 2324 tsmen,

52 2346 167 2402 sciebat
188 2354 305 2402 testator
324 2363 385 2402 rem
406 2347 531 2402 alienam
552 2361 628 2415 csse,
652 2355 701 2402 eut
721 2345 890 2418 ignorabam
916 2348 1081 2416 sisciebat,
1103 2349 1185 2404 heres
1207 2349 1293 2407 debet

54 2457 119 2500 eam
140 2443 280 2500 redimere
301 2451 329 2500 et
349 2445 489 2516 legatario
511 2443 598 2508 darer
629 2444 654 2499 si
678 2442 843 2516 ignorabat,
873 2459 930 2499 non
955 2450 1067 2500 tenetur
1087 2445 1186 2514 heres,
1207 2453 1240 2502 ut
1259 2448 1293 2502 in

53 2541 126 2596 lust.
149 2539 184 2597 de
204 2543 307 2614 legatis
329 2538 349 2614 §
369 2541 432 2596 Non
452 2543 536 2596 solum
564 2539 596 2613 (ς
609 2536 643 2615 4)
671 2559 698 2595 v.
723 2541 806 2603 Quod.
836 2571 876 2582 -
902 2543 973 2596 calis
994 2543 1151 2598 electrinus.-
1182 2543 1292 2600 Electri

51 2639 152 2709 plures
174 2641 282 2710 species
305 2637 457 2708 dicuntum
479 2646 522 2694 est
542 2639 618 2695 enim
640 2639 787 2706 electrum,
810 2637 889 2710 quod
910 2639 1062 2694 conficitur
1082 2641 1241 2713 vulgariter
1259 2657 1290 2697 os

54 2735 176 2790 maltum
196 2732 254 2807 (sic
273 2731 386 2808 cnut),
408 2743 437 2791 et
457 2743 499 2791 est
519 2737 666 2803 electrum,
689 2735 767 2806 quod
789 2735 940 2791 coniicitur
962 2751 998 2790 ex
1018 2735 1132 2793 duobus
1152 2739 1289 2806 metallis,

55 2848 126 2887 auro
147 2833 210 2888 scil.
233 2840 415 2906 mergente,
445 2840 473 2888 et
501 2832 537 2888 de
564 2833 617 2887 tali
638 2833 765 2887 mixtura
789 2837 850 2886 erat
869 2832 923 2887 istc
945 2834 1032 2888 calix.
1076 2833 1133 2888 Sed
1154 2834 1292 2891 obiicitur

54 2931 213 2986 sentcntiae
233 2929 319 2986 huius
341 2945 420 3002 cap:
450 2946 546 2986 nonne
574 2930 707 2985 voluntas
729 2928 873 2984 testatoris
901 2936 943 2984 est
967 2929 1101 2986 omnibns
1123 2929 1220 2986 modis
1240 2930 1290 2986 ad·

54 3026 213 3098 implendo,
235 3035 268 3084 ut
287 3043 374 3098 supra
396 3044 421 3082 c.
442 3044 525 3099 prox.
548 3035 575 3082 et
590 3028 620 3082 C.
632 3026 715 3082 Xlll.
732 3021 812 3097 qu.2
829 3025 948 3080 Ultima!
961 3023 1003 3100 (v.
1017 3023 1055 3100 s.)
1085 3025 1156 3082 Cum
1171 3033 1290 3084 testator

53 3123 141 3178 sciret
161 3141 219 3180 rem
241 3123 375 3191 alienam,
396 3125 503 3180 isthic
525 3140 556 3196 q.
571 3122 745 3180 credendum
767 3122 802 3178 r'tr
822 3125 903 3178 heres
926 3139 988 3178 eam
1009 3122 1150 3180 redimere
1171 3132 1199 3180 et
1213 3125 1290 3198 lega-

55 3220 130 3276 tario
150 3220 218 3278 dare
245 3219 385 3288 debebat,
414 3221 462 3276 vel
490 3221 514 3276 si
543 3220 676 3276 dominus
705 3219 772 3276 dare
793 3221 893 3286 nollet,
915 3219 998 3274 heres
1020 3220 1169 3276 tenebatur
1190 3221 1227 3276 ad
1248 3223 1292 3278 rei

55 3317 195 3389 pretium3
217 3334 284 3390 ergo
308 3318 466 3374 secundum
482 3317 561 3388 quod
576 3318 683 3372 dicitur
696 3317 755 3389 hic,
777 3317 911 3372 voluntas
927 3316 1055 3374 defuncti
1070 3333 1128 3372 non
1142 3317 1289 3388 impletur,

57 3415 134 3486 quod
156 3422 198 3470 est
219 3422 319 3472 contra
339 3416 432 3488 legem
453 3415 517 3471 Dei.
560 3415 616 3471 Sed
638 3415 791 3486 episcopus
812 3415 883 3470 haec
908 3417 1053 3485 postulare
1075 3431 1132 3471 non
1155 3413 1290 3484 debebat,

54 3513 126 3566 licet
145 3513 225 3568 heres
247 3512 315 3568 dare
337 3510 470 3581 deberet;
492 3527 577 3582 saepe
598 3527 721 3584 namque
742 3513 894 3566 inhoneste
914 3514 1086 3583 postulatur,
1115 3510 1194 3583 quod
1214 3512 1289 3568 iuste

57 3608 192 3676 debetur,
214 3617 246 3666 ut
268 3611 298 3664 C.
312 3609 419 3666 XXJII.
442 3602 524 3682 qu.3
544 3607 676 3664 Scaeam
698 3606 736 3680 (c.
750 3604 782 3680 1)
805 3616 833 3663 et
852 3607 922 3665 Cod.
946 3607 981 3662 de
1003 3611 1091 3680 episc.
1114 3615 1143 3663 et
1163 3609 1231 3664 cler.
1258 3608 1292 3664 st
1399 3601 1407 3612 '

55 3707 116 3777 quis
136 3707 163 3760 in
184 3707 233 3761 boc
253 3701 300 3778 (L.
316 3700 369 3782 10)
398 3714 426 3762 ct
447 3707 511 3779 Dig.
542 3705 578 3761 de
606 3713 697 3761 vacet.
720 3713 749 3762 et
775 3713 893 3762 excusat
914 3705 945 3760 L.
962 3701 989 3762 1.
1032 3707 1177 3762 Consonat
1197 3705 1290 3775 pluri-

56 3819 132 3858 mum
152 3803 221 3858 huic
241 3818 322 3874 cap,
345 3803 424 3876 quod
444 3803 567 3860 habetur
589 3803 724 3860 exvlt.
747 3797 829 3874 qud
851 3802 1013 3875 Quicumque
1034 3805 1088 3858 vult
1109 3800 1149 3875 (o.
1165 3797 1228 3878 43).

547 4011 785 4020 -.-—.-—--—

214 4192 269 4253 itt.
290 4193 330 4252 ll.
358 4192 401 4252 ttt
422 4195 447 4254 ².
494 4194 538 4254 lte
566 4191 859 4269 desponsatione
887 4191 1120 4268 impuberum.

466 4324 504 4392 C.
529 4329 556 4392 1.
600 4330 663 4392 Les
684 4331 806 4392 divinae
825 4337 877 4390 etc.

61 4443 71 4457 1
98 4483 197 4537 Casum
219 4481 303 4553 plene
326 4488 354 4538 et
374 4481 460 4552 plane
474 4483 572 4539 littera
593 4500 644 4554 po·
733 4486 855 4540 Ioannes
877 4484 966 4540 tiliam
988 4499 1069 4538 snum
1091 4482 1220 4538 nondum
1245 4499 1288 4540 se-

59 4581 111 4648 nit,
128 4586 155 4636 et
168 4580 284 4656 plenius
297 4579 473 4652 intelligitur
487 4579 523 4638 de
533 4581 642 4658 puella,
694 4589 829 4655 pteunem
845 4582 988 4653 Stephano
1009 4580 1138 4638 nondum
1153 4581 1287 4652 septenni
