3062 5174
231 202 290 267 316
665 211 861 270 BERNARDI
896 213 1035 271 suunt
1269 245 1272 258 ·

232 388 448 445 distinctionem
477 391 558 446 illam
587 392 641 447 sub
670 391 794 464 quodam
823 393 960 465 colligere
986 393 1166 465 compendio.
1208 393 1261 450 Ait
1288 395 1392 449 enim:
1435 396 1484 458 ¹,lu

232 485 462 543 dissensionibus
483 490 609 560 partium
638 491 806 562 eligentium
833 490 911 546 circa
937 505 1075 561 personas
1103 491 1159 546 tria
1185 501 1254 546 sunt
1282 490 1483 560 attendenda,

233 583 321 638 videl.
344 601 479 640 numerus
504 593 532 642 et
559 586 653 642 bonus
681 589 760 643 nolus
789 594 817 642 et
844 587 971 660 dignitas
996 589 1044 642 vel
1072 587 1239 656 anctoritas3
1269 603 1483 660 quaecumque

231 687 325 736 autem
345 698 412 752 pars
433 682 547 740 duobus
569 685 670 740 horum
691 685 877 757 praeeminet,
898 685 928 738 in
944 685 1086 741 electione
1100 683 1185 741 debet
1200 685 1366 742 obtinere.t
1407 687 1481 741 Huic

232 785 325 833 autem
347 779 544 837 adficiendum
565 784 684 851 putavi:
709 781 787 853 quod
809 783 834 837 si
855 782 886 836 in
907 781 953 836 bia
975 781 1109 838 omnibus
1129 789 1223 853 partes
1243 799 1334 855 pares
1357 781 1480 852 fuerint,

231 877 286 931 erit
306 876 344 932 ad
365 880 542 948 superiorem
563 879 688 934 iudicem
715 879 937 948 recurrendum,
966 879 1048 934 onius
1069 886 1113 934 est
1132 879 1334 947 confirmatio,
1365 887 1399 937 et
1420 883 1480 952 ipse

230 973 315 1027 illum
344 973 464 1030 debebit
489 977 660 1046 praeficere,
690 992 773 1047 quem
802 977 924 1032 utilitati
944 977 1156 1032 ecclesiasticae
1177 976 1269 1049 magis
1291 977 1415 1034 viderit
1436 995 1479 1034 ex-

230 1069 341 1140 pedire,
363 1077 395 1126 ut
416 1071 462 1126 Di.
478 1073 582 1129 LXIII.
606 1074 769 1128 Obroatiboa
784 1069 823 1146 ⁸⁴)
844 1071 884 1147 (o.
900 1068 963 1147 53),
988 1074 1045 1129 nisi
1067 1075 1138 1128 torte
1159 1074 1250 1130 altera
1271 1071 1312 1128 ad
1337 1075 1479 1130 maiorem

230 1166 356 1223 iudicem
387 1169 502 1225 duxerit
536 1169 761 1240 appellandum3
796 1171 822 1226 si
851 1179 946 1228 autem
974 1180 1096 1243 utraque
1122 1185 1189 1242 pars
1215 1172 1294 1227 malo
1324 1179 1401 1228 voto
1429 1172 1477 1227 du·

231 1265 322 1332 citur,
351 1267 456 1321 electio
483 1269 634 1339 utriusque
662 1276 807 1338 cassatur,
836 1276 868 1324 ut
889 1270 935 1324 Di.
951 1267 1081 1325 LXXIX.
1103 1268 1136 1322 Si
1159 1270 1211 1323 duo
1238 1264 1280 1341 (c.
1295 1262 1345 1342 8).
1400 1271 1476 1325 Illud
1519 1289 1520 1292 ¹

230 1377 343 1434 qunque
365 1364 537 1432 notandum,
561 1365 639 1436 quod
660 1373 914 1438 quantumcunque
934 1381 1001 1437 pars
1022 1365 1100 1421 bono
1122 1367 1186 1421 nelo
1206 1365 1349 1434 ducatur,
1386 1383 1475 1439 qnan-

230 1466 295 1514 tave
317 1459 456 1532 dignitate
477 1464 602 1532 polleat,
625 1465 650 1518 si
671 1464 785 1535 aliquid
806 1471 864 1532 est,
887 1461 965 1535 qnod
987 1456 1127 1537 electo'⁵)
1147 1463 1221 1518 iuste
1235 1463 1336 1534 possit
1351 1467 1472 1537 opponi,

230 1557 291 1612 eius
313 1558 416 1614 electio
439 1561 545 1630 poterit
564 1561 689 1629 irritari,
712 1568 742 1615 nt
763 1561 810 1615 Di.
825 1561 935 1616 XXIII.
957 1559 1030 1614 lllrrd
1050 1557 1089 1633 (c.
1105 1555 1148 1634 5).

307 1655 343 1710 II.
376 1657 511 1728 Sequitur
531 1657 632 1713 ordina
652 1659 810 1727 praemisso
833 1657 867 1714 de
889 1656 974 1713 electi
994 1657 1041 1713 vel
1063 1655 1190 1729 eligendi
1212 1657 1362 1727 qualitate
1386 1658 1472 1714 disse·

231 1767 301 1807 rere.
340 1752 373 1806 In
396 1754 524 1825 eligendi
545 1755 592 1810 vel
614 1756 699 1810 electi
719 1771 843 1826 persona
863 1756 917 1810 tria
936 1753 1148 1812 consideranda
1160 1745 1204 1828 (1)
1219 1763 1396 1825 occurrunt,
1418 1759 1473 1811 vita

230 1849 336 1917 videl,
358 1851 480 1906 scientia
500 1859 528 1907 et
548 1853 709 1924 integritas.
1519 1855 1520 1890 l

309 1942 375 2018 §1-
417 1948 485 2003 Vita
511 1950 541 2003 in
570 1949 683 2005 duobus
711 1947 884 2018 attenditur,
913 1956 945 2004 ut
972 1949 1120 2020 inpolluta
1145 1949 1183 2003 sit
1209 1948 1416 2018 conscicntia,
1448 1957 1472 2004 et

229 2044 306 2100 boun
334 2045 372 2098 sit
399 2046 492 2113 lama3
525 2045 583 2101 duo
612 2048 688 2102 enim
717 2046 801 2102 nobis
830 2053 898 2101 sunt
928 2047 1105 2116 necessaria,
1138 2045 1317 2102 conscientia
1349 2053 1471 2117 propter

229 2157 297 2207 nos,
327 2141 404 2196 lama
423 2149 541 2212 propter
561 2144 725 2214 proximos,
753 2151 786 2198 nt
807 2143 837 2200 C.
852 2143 902 2200 XI.
926 2137 1008 2215 qu.3
1028 2143 1091 2198 Non
1110 2152 1172 2198 root
1192 2141 1327 2197 audiendi
1348 2139 1394 2216 (e.
1411 2139 1469 2216 56),

227 2247 254 2294 et
276 2239 306 2293 G.
321 2238 386 2294 XII.
409 2235 489 2311 qu.1
511 2239 582 2294 Noto
603 2237 642 2313 (c.
659 2235 720 2315 10).
763 2242 807 2296 Sit
826 2242 915 2312 igitur
936 2241 1113 2297 conscientia
1133 2240 1293 2310 inpolluta,
1318 2255 1357 2296 ne
1381 2242 1468 2295 ullius

229 2335 360 2390 criminis
388 2337 565 2392 conscientia
590 2344 714 2393 mentem
742 2337 887 2406 mordeat,
915 2345 949 2393 ut
969 2337 1123 2393 DLXXV.
1144 2337 1225 2392 Nono
1251 2344 1343 2390 nutem
1375 2335 1465 2413 (Grai.
1519 2393 1520 2418 ¹

229 2431 297 2486 dict.
327 2432 365 2486 ad
386 2425 496 2506 c.3t);
524 2437 669 2505 perferens
697 2436 774 2490 enim
801 2434 980 2490 memorandi
1009 2434 1140 2489 oriminis
1168 2433 1263 2488 labem
1290 2449 1352 2489 non
1383 2436 1466 2491 habet

227 2527 356 2584 lucidam
384 2529 539 2587 sacerdotii
567 2531 755 2606 dignitatem,
783 2539 816 2588 ut
845 2533 890 2587 Di.
907 2533 982 2588 LXI.
1010 2533 1043 2586 In
1068 2533 1252 2586 sacerdotibus
1277 2529 1319 2605 (c.
1335 2526 1384 2605 2).
1427 2535 1466 2588 Sit
1518 2561 1519 2582 r

228 2635 255 2682 et
284 2629 359 2682 lama
385 2628 505 2697 illaesa3
538 2637 650 2700 oportet
676 2633 753 2686 enim
781 2631 866 2686 illum
896 2629 1002 2685 bonum
1032 2627 1139 2684 habere
1164 2629 1380 2701 testimonium,
1410 2645 1463 2686 non

228 2726 321 2780 solum
343 2725 380 2780 ab
401 2727 463 2796 his,
486 2729 537 2798 qui
558 2727 636 2782 intus
657 2735 737 2796 sunt,
759 2744 858 2783 verum
879 2734 907 2783 et
928 2727 965 2781 ab
986 2727 1049 2794 bis,
1071 2727 1122 2798 qui
1144 2727 1213 2782 loris
1234 2731 1314 2793 sunt,
1337 2733 1372 2782 ut
1394 2727 1462 2782 dicit

226 2823 384 2892 Apostolus
405 2824 436 2876 in
459 2825 582 2893 epistola
603 2823 639 2878 ad
656 2825 847 2880 Timotheum.
890 2824 1009 2896 Oportet
1029 2824 1119 2895 igitur
1139 2821 1306 2895 eligendum
1322 2837 1389 2879 esse
1402 2826 1460 2879 sine

226 2921 305 2974 omni
324 2920 461 2989 crimine,
491 2937 547 2977 non
570 2921 663 2978 solum
684 2930 812 2993 tempore
840 2923 1006 2990 electionis,
1035 2921 1086 2977 red
1114 2921 1216 2989 etiarn,
1243 2927 1276 2975 ut
1302 2935 1459 2992 numquam

226 3023 292 3086 post
311 3016 488 3088 baptismum
509 3019 616 3074 crimen
639 3020 761 3091 aliquod
781 3018 931 3087 hebuerit,
955 3027 985 3076 ut
1006 3020 1052 3074 Di.
1066 3019 1159 3074 XXV.
1181 3033 1205 3073 c.
1220 3019 1342 3072 Rimum
1364 3015 1406 3090 (o.
1418 3014 1456 3091 6),

226 3120 253 3168 ct
274 3115 320 3168 Di.
336 3115 369 3170 L.
389 3115 462 3169 Illud
481 3133 584 3187 quoque
611 3112 649 3188 (c.
666 3110 735 3189 66),
765 3124 793 3172 et
814 3117 845 3171 C.
859 3115 881 3171 Ι.
905 3111 988 3188 qu.7
1015 3117 1048 3171 st
1074 3119 1135 3188 quis
1160 3131 1261 3170 omnem
1288 3117 1458 3171 traditionem

226 3208 265 3283 (c.
281 3205 324 3284 2).
354 3212 383 3266 Si
399 3219 491 3268 auteur
508 3213 623 3284 aliquid
638 3215 757 3268 istorum
777 3212 920 3284 habuerit,
942 3221 970 3269 et
990 3220 1083 3269 umen
1105 3214 1136 3266 in
1158 3210 1331 3267 criminibus
1353 3213 1456 3269 electus

226 3308 328 3374 luerit,
358 3309 520 3364 cassabitur
547 3311 649 3365 electio
677 3317 705 3366 et
733 3311 857 3366 cessabit
880 3327 897 3366 a
918 3311 1012 3380 clero,
1041 3317 1072 3365 nt
1093 3311 1139 3365 Di.
1162 3309 1193 3365 L.
1216 3309 1287 3363 lltud
1306 3325 1413 3384 quoque
1431 3319 1456 3366 et

225 3404 271 3459 Di.
287 3404 415 3462 LXXXI.
430 3406 463 3462 Si
483 3409 529 3478 qui
549 3409 607 3462 stne
628 3403 667 3480 (c.
681 3403 731 3480 4);
753 3409 861 3464 crimen
882 3414 977 3463 autem
1000 3414 1043 3462 est
1062 3407 1183 3462 mortale
1202 3411 1355 3476 peccatum
1378 3424 1455 3464 accu-

223 3503 333 3557 satione
354 3509 382 3557 et
403 3503 587 3560 damnatione
609 3504 828 3577 diguissImum,
849 3513 881 3560 nt
903 3505 948 3559 Di.
965 3503 1096 3560 LXXXI.
1118 3502 1262 3574 Apostolos
1284 3499 1324 3576 (c.
1341 3499 1384 3576 1).

303 3596 320 3669 S
342 3593 370 3656 2.
405 3601 531 3656 Scientia
551 3616 665 3673 quoquc
686 3603 810 3673 praelati
831 3609 873 3657 est
893 3603 1070 3667 necessaria3
1092 3602 1164 3656 haec
1185 3607 1279 3656 autern
1300 3601 1380 3656 circa
1401 3601 1453 3658 duo

223 3702 362 3750 versatur.
406 3698 523 3753 Constat
544 3699 620 3754 eninr
642 3700 673 3753 in
695 3699 945 3754 administratione
967 3698 1185 3769 temporalium,
1208 3703 1239 3752 nt
1259 3696 1306 3751 Di.
1320 3697 1451 3754 XXXIX.

222 3791 320 3844 Petrus
341 3788 380 3863 (c.
397 3792 462 3867 un.)
483 3797 562 3850 etin
584 3798 756 3852 reseratione
771 3791 810 3870 ⁸⁸)
832 3796 1038 3866 spiritualium,
1061 3795 1123 3850 scil.
1147 3801 1178 3850 ut
1192 3809 1286 3850 sacras
1301 3797 1452 3867 scripturas

222 3890 295 3944 aciat
316 3896 344 3943 ct
363 3889 522 3961 intelliget,
544 3899 576 3947 ut
597 3895 642 3948 Di.
657 3893 822 3949 XXXVIII.
844 3894 1004 3964 lycorootio
1024 3889 1063 3964 (c.
1080 3887 1128 3964 1),
1153 3891 1231 3946 Nottt
1251 3889 1291 3965 (c.
1306 3887 1358 3966 4),
1382 3893 1451 3956 Quos

222 3986 289 4056 ἰμείε
310 3983 349 4059 (c.
364 3981 414 4059 5),
436 3988 469 4041 Si
489 3991 564 4044 lucto
585 3987 624 4063 (c.
640 3987 690 4064 9),
717 3999 744 4046 ct
764 3991 811 4046 Di.
825 3990 958 4047 XXXVI.
983 3989 1035 4052 Qui
1055 3991 1242 4045 ecclesiacticis
1263 3986 1302 4062 (c.
1318 3984 1369 4063 2);
1398 4009 1451 4047 non

222 4084 315 4138 solum
343 4091 436 4140 eutem
464 4085 666 4158 intelligendi,
696 4087 746 4143 sed
774 4096 801 4144 et
821 4087 945 4144 docendi
966 4088 1087 4142 scientia
1108 4087 1135 4142 ei
1156 4094 1199 4142 est
1218 4087 1395 4156 necessaria,
1424 4096 1452 4144 ut

222 4172 268 4234 Di.
283 4180 388 4236 XLIII.
409 4181 585 4252 Dispensatio
613 4181 653 4256 (c.
669 4178 711 4258 5).
759 4184 838 4240 Inter
868 4185 928 4240 alia
958 4199 1072 4256 quoque
1102 4184 1251 4257 integritas
1281 4184 1449 4242 intrinsecae

225 4345 334 4352 -—--.-.

216 4458 315 4506 parere.
378 4442 412 4504 ³⁴)
432 4441 476 4497 SIc
495 4440 577 4508 (lod,
602 4458 651 4496 nec
675 4448 764 4496 tammo
788 4443 934 4510 quidquam
963 4443 1015 4496 hoc
1032 4443 1178 4510 capilulum
1198 4443 1231 4495 ad
1249 4459 1305 4498 rem
1323 4444 1396 4510 lacit,
1419 4447 1447 4498 de

221 4527 275 4574 qua
293 4513 347 4577 agit
364 4511 534 4577 Bernnrdus,
553 4513 600 4577 qui
618 4514 731 4566 tortasse
751 4513 784 4564 ad
803 4529 825 4565 c.
839 4511 873 4568 36
887 4511 993 4578 Sisortc
1010 4512 1097 4565 voluit
1113 4515 1262 4578 remittere,
1281 4513 1328 4566 nbi
1348 4530 1373 4566 re
1390 4531 1446 4566 vera

222 4579 255 4632 de
283 4585 405 4632 votorum
432 4581 565 4634 divIsione
594 4597 681 4634 sermo
710 4587 759 4634 est.
829 4580 864 4646 ⁸⁵)
890 4579 957 4635 Ood.
980 4581 1069 4634 rhaab.
1137 4579 1171 4648 ³⁶)
1195 4579 1262 4635 (lod.
1288 4582 1445 4636 remman
