3062 5174
457 160 576 220 GASUS
608 159 897 222 pachomium.
1236 159 1295 226 343

47 343 84 394 et
113 339 219 410 puella
247 339 426 408 duodennis,
455 346 486 394 ut
515 357 555 394 ar.
585 341 615 396 c.
631 339 698 396 XX.
721 337 803 412 qut
824 341 918 398 mma
944 337 984 413 (e.
999 338 1032 416 1)
1060 347 1088 398 et
1112 338 1195 414 qu.2
1215 343 1248 399 St
1268 353 1296 399 au

46 437 181 508 quolibet
195 433 234 509 (c.
247 432 294 510 1),
315 437 412 492 Pasllo
425 434 465 508 (u.
476 431 527 509 2);
550 455 602 494 usu
617 439 665 492 uel
678 437 787 510 effectu,
810 439 933 510 quitum
949 439 1026 496 coire
1039 445 1143 510 potest,
1166 446 1197 496 ut
1217 442 1274 498 hic.

473 609 512 676 C.
534 613 564 678 l.
614 616 668 676 Ubi
688 632 752 675 non
772 623 814 675 est
834 623 886 677 cte.

105 750 153 806 Aa
185 761 300 806 aetatem
331 751 434 821 lapibus
468 751 512 806 vel
540 753 654 807 eanoni—
743 747 957 824 Praecipimus,
987 769 1023 808 ne
1054 753 1202 824 sponsalia
1230 759 1296 808 ante

49 849 107 903 bus
129 851 308 904 destinatum.-
337 847 398 902 scil.
426 849 582 918 septennii,
612 865 652 904 ar.
703 846 760 904 Vll
776 865 865 904 annos
887 851 1102 919 contrahantur,
1124 865 1176 905 nec
1197 849 1295 906 matri-

51 947 89 1002 Ο.
106 945 201 1001 XXX.
225 959 272 1018 qu.
288 939 308 1002 2
324 939 377 1000 Ubi
397 942 436 1015 (e.
451 945 515 1017 un.)
538 951 566 1000 et
587 945 651 1018 Dig.
703 947 801 1000 monia
820 962 873 1018 per
892 946 982 1002 verba
1005 947 1039 1002 de
1060 947 1206 1019 praesenti
1228 953 1293 1001 ante

51 1043 94 1099 de
117 1043 245 1114 sponsal.
266 1043 299 1097 In
321 1043 491 1113 sponsalibus
512 1040 559 1112 (L.
582 1037 652 1114 1413
702 1043 899 1114 pubertatem,
931 1043 989 1098 nisi
1021 1059 1073 1114 pro
1103 1044 1181 1100 bono
1211 1045 1292 1116 pacis

50 1141 105 1195 vel
146 1145 241 1211 potest
275 1139 400 1209 intelligi
436 1139 490 1194 hoc
526 1138 561 1194 de
596 1146 652 1194 tra·
702 1141 868 1197 coniunctio
889 1141 955 1195 talia
976 1141 1167 1212 permittatur.

50 1239 204 1305 ductione,
221 1241 247 1291 et
260 1237 302 1291 sic
317 1237 496 1308 intelligetur
510 1236 545 1292 de
560 1243 652 1292 aetate

51 1333 176 1402 adulta,
206 1351 246 1388 ar.
270 1335 300 1388 G.
316 1328 379 1389 XX.
403 1325 483 1405 quai
505 1333 599 1388 Runa
625 1341 653 1388 ct

53 1448 105 1503 qu.
122 1426 143 1489 2
164 1429 196 1486 Si
216 1431 244 1485 iu
265 1429 393 1504 quolibet.

509 1602 548 1669 C.
571 1603 600 1670 5.
643 1607 775 1668 Litteras
795 1613 848 1667 ets.

98 1750 188 1804 Casus
211 1755 252 1802 cst
273 1749 451 1804 manifestus.
488 1749 648 1816 Contraria,
740 1747 811 1803 Cum
839 1747 939 1804 Petrus
970 1747 1115 1818 quandam
1144 1748 1175 1802 in
1205 1764 1292 1804 cuna

53 1862 131 1918 quae
154 1861 241 1916 supra
261 1853 328 1900 sunt
348 1846 503 1918 assignata,
526 1845 570 1900 ibi
592 1846 649 1900 siut
699 1843 777 1899 burlis
794 1843 1003 1915 desponsasset,
1025 1852 1143 1900 matrem
1162 1845 1291 1901 eiusdem

53 1944 167 2011 soluta;
200 1941 251 1996 sed
282 1941 331 1997 hic
361 1957 417 1998 non
449 1942 646 2016 distinguitur,
697 1943 814 2012 puellae
845 1943 876 1996 in
908 1957 1025 1997 uxorem
1058 1941 1142 1996 duxit
1174 1949 1201 1997 ct
1229 1958 1290 1998 eam

53 2048 153 2096 utrum
173 2039 274 2111 puella
292 2039 330 2094 sit
342 2039 477 2110 proxima
490 2039 646 2110 pubertati,
699 2039 842 2110 coguovit.
886 2037 955 2094 'libi
977 2038 1144 2109 quaerenti,
1174 2055 1211 2093 an
1232 2055 1292 2094 ma-

53 2139 132 2192 sicut
151 2137 229 2191 intra
249 2135 311 2191 eod.
336 2136 528 2192 continebatur
548 2133 588 2206 (c.
602 2130 646 2208 8),
697 2136 865 2191 trimonium
906 2135 1018 2202 valeat,
1068 2134 1290 2206 respondemus,

53 2234 89 2290 ss·
114 2234 210 2304 puello
243 2229 284 2305 (c.
311 2227 380 2306 11),
417 2234 486 2304 quia
519 2249 555 2287 ex
589 2248 647 2303 quo
698 2232 790 2304 quod,
813 2233 924 2288 sicum
945 2239 1035 2288 matre
1056 2233 1218 2300 contraxit,
1241 2248 1290 2288 au-

54 2330 202 2400 septennis
218 2336 287 2398 erat,
310 2345 432 2401 sponsus
448 2331 508 2384 eius
524 2345 582 2384 non
596 2345 647 2400 po·
697 2335 811 2400 tequam
832 2330 933 2400 puella
952 2331 1135 2400 septennium
1150 2330 1292 2402 comples-

54 2435 130 2482 terat
150 2427 249 2498 aliquo
271 2441 339 2481 casu
360 2427 527 2482 contrahere
545 2442 609 2482 cum
621 2421 647 2499 ⁴)
697 2433 748 2494 set,
764 2441 826 2480 eam
840 2433 979 2497 perpetuo
992 2425 1107 2496 habeat,
1128 2442 1194 2484 cum
1208 2429 1291 2484 nulla

54 2525 119 2580 eius
139 2531 228 2578 matre
249 2524 296 2578 vel
316 2539 421 2594 sorore,
444 2530 647 2596 ceterumpos-
697 2525 755 2578 sint
781 2523 846 2594 ipso
874 2523 936 2578 iure
968 2525 1131 2595 sponsalia3
1164 2525 1190 2580 si
1219 2541 1289 2581 vero

55 2628 100 2676 set
121 2636 184 2676 cum
208 2619 412 2689 ulterioribus,
442 2620 494 2676 sed
521 2622 546 2675 si
574 2626 649 2675 esset
697 2625 781 2675 antea
794 2619 851 2675 VII
862 2635 953 2676 anuos
973 2621 1140 2692 complevit,
1158 2635 1216 2678 -nsc
1229 2638 1289 2677 ma-

54 2718 189 2792 proxima
209 2717 372 2788 pubertati,
396 2733 459 2772 cum
481 2718 565 2772 nulla
585 2719 647 2772 eius
698 2725 778 2786 trem,
800 2731 853 2772 uec
867 2718 959 2772 filiam
973 2717 1004 2772 in
1020 2734 1139 2776 uxorem
1154 2719 1267 2776 habeat.

55 2815 269 2888 consanguinea
291 2815 458 2870 contrahere
478 2821 592 2886 posset,
615 2822 648 2870 ut

56 2930 98 2968 ar.
115 2913 145 2968 C.
156 2911 278 2967 XXVII.
300 2927 348 2984 qu.
363 2905 382 2968 2
400 2911 433 2966 st
453 2914 513 2984 qais
532 2929 641 2966 acorem
662 2907 702 2984 (c.
719 2906 781 2983 14),
803 2911 837 2966 Si
856 2912 916 2983 quis
937 2912 1139 2982 desponsaverit
1160 2907 1287 2985 (o.15);

56 3026 123 3082 ergo
144 3010 175 3063 iu
197 3005 356 3082 [nondum]
379 3011 510 3080 septenni
531 3009 628 3063 nullus
651 3008 766 3082 gradus,
787 3009 817 3062 in
840 3009 973 3080 septenni
994 3009 1105 3079 primus
1116 3007 1232 3082 gradus,
1255 3009 1286 3062 iu

55 3107 188 3178 proxima
207 3105 354 3178 pubertati
375 3107 461 3160 etiam
483 3105 588 3178 gradus
608 3105 715 3178 reliqui
735 3104 934 3176 prohibentur.

504 3275 543 3344 C.
565 3279 594 3346 6.
637 3285 765 3343 Accessit
786 3289 838 3342 ste.

100 3425 194 3481 casus
237 3423 361 3491 Quidam
390 3423 436 3478 vir
461 3422 570 3478 nobilis
599 3424 645 3478 W.
736 3424 782 3478 W.
799 3421 943 3494 quandam
959 3423 1112 3493 parvulam
1133 3421 1288 3494 desponsa·

57 3520 200 3594 quandam
226 3521 354 3590 puellam
382 3521 472 3576 tiliam
496 3519 645 3576 cuiusdam
696 3520 748 3588 vit,
771 3535 843 3591 quaa
863 3527 964 3590 postea
983 3519 1013 3572 in
1032 3535 1097 3576 eum
1112 3520 1207 3576 uoluit
1221 3535 1287 3576 oon·

57 3617 165 3674 nobilis
188 3619 244 3672 viri
273 3617 475 3689 desponsavit3
503 3617 581 3672 idem
609 3617 646 3672 ab
696 3618 817 3684 sentire,
846 3631 920 3686 quae
941 3616 972 3670 iu
995 3624 1072 3672 tuam
1093 3618 1286 3686 praesentiam

58 3732 93 3770 ea
112 3723 256 3786 separatus
281 3721 393 3771 mortuo
419 3722 502 3786 patre
529 3715 645 3784 puellae
696 3711 783 3768 ducta
802 3713 922 3784 publice
942 3714 1074 3768 contessa
1089 3719 1140 3782 est,
1162 3729 1193 3770 ae
1206 3715 1286 3770 nolle

58 3819 175 3870 matrem
202 3811 331 3868 eiusdem
352 3811 470 3882 puellae
491 3810 645 3882 desponsa-
695 3810 741 3864 W.
763 3826 817 3880 pro
838 3810 940 3865 marito
968 3809 1091 3878 habere,
1119 3817 1145 3866 et
1166 3809 1233 3868 ideo
1255 3819 1286 3866 tu

56 3911 109 3978 vit,
130 3908 258 3964 traduxit
278 3923 340 3964 eam
358 3915 387 3962 et
401 3909 546 3980 coguovit,
568 3915 595 3962 et
609 3923 646 3964 ex
695 3921 758 3962 eam
789 3906 826 3962 ab
857 3907 913 3962 illa
940 3905 1163 3978 desponsatione
1190 3907 1287 3964 absol·

59 4023 93 4062 ea
107 4006 181 4062 ilios
195 4005 367 4076 procreavit,
388 4005 470 4060 cuius
484 4007 526 4062 rei
542 4006 644 4062 seriem
694 4005 777 4064 visti,
822 4004 924 4060 Postea
954 4017 1023 4060 vero
1058 4011 1170 4060 mortuo
1203 4013 1286 4076 patre

57 4105 139 4160 aliter
166 4103 242 4158 dom·
270 4101 461 4158 Eboracensis
496 4117 547 4171 per
579 4119 645 4158 suas
694 4101 810 4172 puellae
825 4116 876 4156 rex
889 4107 1008 4158 matrem
1026 4100 1157 4157 ciusdem
1171 4101 1221 4156 isti
1236 4102 1283 4156 W.

59 4202 166 4256 litteras
194 4199 312 4256 domiuo
336 4198 432 4270 Papae
459 4197 644 4272 significavit,
695 4197 778 4254 dedit
796 4199 830 4254 in
849 4213 986 4267 uxorem,
1009 4213 1111 4269 wem,
1132 4204 1165 4254 ut
1184 4197 1285 4254 odium

59 4437 126 4489 libro
144 4433 204 4490 αἳ.
224 4433 497 4490 v.19.20uesurnta
515 4441 588 4488 suut.
657 4436 681 4500 8)
699 4435 730 4489 ln
750 4435 816 4490 cod.
835 4436 865 4488 de
882 4453 945 4487 cous.
963 4433 1007 4486 Di.
1025 4433 1066 4499 V.,
1095 4435 1143 4489 ssd
1166 4436 1205 4490 ibi
1230 4453 1284 4488 non

60 4512 127 4564 extat
152 4505 234 4558 huius
261 4505 330 4559 initii
358 4504 515 4573 capitulum.
583 4504 607 4570 ⁴)
631 4504 663 4563 Io
688 4503 754 4564 Cod.
781 4506 879 4575 legitur
906 4505 945 4560 ost
968 4521 1032 4569 cum,
1061 4505 1110 4562 ssd
1136 4521 1283 4576 perperam.
