3098 5184
214 165 313 226 XXIV
693 161 966 220 Panaenum

215 349 303 424 atque
323 339 462 404 desiderii
482 339 552 402 licet
572 339 796 404 iustissimorum
818 346 906 420 atque
926 339 1196 404 ardentissimorum
1219 339 1358 421 optimum
1382 357 1445 402 me·

217 451 314 515 dicum
337 450 492 532 sperabam
514 449 642 512 futurum
663 466 732 511 esse
754 448 896 512 laborem.
927 449 1030 531 Neque
1053 450 1155 512 leleilit
1169 467 1246 531 spes.
1277 449 1336 514 Sed
1351 467 1447 513 norae

218 578 324 640 curae,
354 558 410 622 alia
438 577 528 639 super
555 557 640 621 aliam
669 559 803 639 meisque
833 559 941 622 viribus
963 577 1059 640 paene
1089 561 1234 638 maiores,
1264 577 1333 621 mox
1361 567 1448 622 natae

219 677 295 733 sunt.
338 668 413 731 Nam
440 668 477 732 ad
505 668 595 731 finem
623 669 681 731 iam
711 668 835 732 deducta
864 687 996 732 summae
1027 689 1064 732 ex
1093 669 1184 732 tribus
1213 669 1269 733 illis
1297 669 1447 732 codicibus

218 779 412 855 recensione,
437 778 584 842 secundus
606 785 636 840 et
656 779 759 842 tertius
780 778 856 840 ultro
879 797 918 841 ex
939 779 1116 844 bibliotheca
1137 777 1308 844 Monacensi
1330 779 1448 858 eadem,

220 907 278 971 qua
292 889 412 970 primus,
432 887 537 950 fiducia
559 895 589 950 et
610 887 688 950 bona
710 888 858 951 voluntate
879 888 949 952 mihi
964 888 1142 970 offeruntur3
1165 891 1388 970 sciscitansque,
1410 906 1449 950 an

220 998 295 1061 forte
317 999 347 1060 in
369 998 433 1062 aliis
456 998 632 1062 Germaniae
660 979 846 1062 bibliothecis
874 999 1015 1062 hactenus
1043 1000 1189 1063 delituerit
1210 999 1351 1062 Bernardi
1376 1015 1450 1079 opu·

219 1107 348 1186 sculum,
379 1107 416 1171 ab
445 1126 546 1170 earum
572 1106 730 1189 praelectis
754 1125 814 1170 non
834 1115 959 1185 tantum,
980 1125 1040 1172 uno
1061 1109 1127 1174 solo
1148 1117 1288 1190 except03
1311 1125 1381 1172 mox
1401 1127 1451 1172 re·

220 1235 329 1300 sponsa
350 1216 402 1280 tuli
423 1217 639 1281 officiosissima
661 1225 719 1279 tam
741 1217 778 1280 ad
799 1218 911 1280 litteras
933 1237 950 1281 a
971 1237 1019 1282 me
1036 1220 1101 1300 ipso
1117 1219 1208 1298 datas,
1229 1237 1315 1299 quarn
1330 1218 1367 1280 ad
1382 1235 1450 1298 per-

222 1328 406 1391 contationes
435 1327 471 1390 ab
500 1327 564 1389 aliis
592 1326 739 1389 benevole
766 1335 937 1409 susceptas,
972 1329 1026 1392 sed
1053 1337 1083 1392 et
1110 1347 1187 1392 nova
1216 1347 1311 1409 eaque
1340 1328 1450 1408 optima

223 1437 358 1500 editionis
385 1455 403 1499 a
433 1455 481 1499 me
510 1436 657 1516 parandae
687 1437 790 1518 accepi
816 1437 958 1500 subsidia.
1009 1438 1091 1512 Quae
1122 1440 1216 1517 enim,
1249 1437 1327 1520 quod
1355 1437 1452 1500 sciunt

222 1565 336 1625 omnes,
359 1545 458 1608 Celeb.
476 1543 634 1612 ilcrsdorill
654 1545 736 1610 hisce
758 1547 787 1608 in
809 1546 899 1610 rebus
922 1555 968 1610 est
989 1547 1122 1622 comitas,
1144 1567 1182 1610 ne
1198 1549 1319 1611 meimet
1333 1546 1452 1628 quidem

222 1657 313 1738 ipsius
334 1673 408 1737 opus
430 1664 494 1719 erat
515 1657 670 1735 precibus,
699 1663 730 1718 ut
754 1655 824 1720 mihi
845 1657 1053 1720 transmitteret
1075 1657 1235 1738 Lipsiensis
1256 1655 1453 1720 bibliothecae

222 1766 327 1830 librum
350 1766 595 1846 manuscriptum,
624 1767 672 1829 cui
694 1765 904 1828 bernardinam
933 1783 1077 1830 summam
1098 1768 1198 1830 inesse
1220 1767 1290 1830 mihi
1309 1765 1453 1829 amicissi-

223 1893 289 1940 mus
317 1875 478 1944 iidcuclltts
506 1875 601 1938 luemt
628 1875 759 1953 nuntius,
788 1877 881 1939 nuntii
908 1893 1009 1940 comes
1038 1878 1102 1958 ipse
1121 1885 1195 1938 *erat
1221 1876 1305 1940 iiber.
1347 1875 1453 1954 Neque

223 1985 379 2063 minorem,
403 1987 482 2066 quin,
507 2003 565 2066 quo
586 1985 750 2047 inusitatior
770 1984 811 2046 ibi
832 2003 901 2047 esse
923 1985 1016 2047 lemur
1037 1986 1182 2048 eiusmodi
1197 1987 1335 2050 librorum
1351 2001 1454 2047 manu·

223 2095 396 2176 scriptorum
418 2094 455 2157 ad
476 2102 597 2157 exteros
618 2094 818 2172 transmissio,
847 2111 885 2156 eo
908 2096 1050 2158 maiorem
1072 2103 1101 2160 et
1121 2097 1322 2160 iucundiorem
1344 2094 1455 2158 Vindo-

222 2202 319 2266 bonae
342 2211 481 2284 expertus
503 2221 567 2266 sum
589 2203 801 2266 liberalitatem.
846 2206 1030 2286 Acceperam
1053 2207 1131 2268 enim
1154 2225 1170 2268 a
1192 2207 1290 2269 Celeb.
1306 2204 1458 2284 brulleio,

223 2329 284 2375 non
305 2311 414 2376 deesse
436 2312 632 2376 bibliothecae
647 2313 991 2396 Imperatorio-Regiae,
1016 2332 1103 2396 quem
1124 2333 1299 2396 quaererem
1314 2316 1459 2378 Bernardi

223 2422 347 2502 librum,
375 2439 473 2503 neque
503 2422 540 2485 de
568 2421 647 2485 felici
670 2430 779 2485 eventu
799 2439 920 2504 prorsus
944 2442 1013 2487 esse
1035 2424 1269 2505 desperandum,
1299 2425 1382 2492 side
1405 2424 1458 2486 illo

224 2531 260 2594 ad
284 2531 477 2609 domicilium,
501 2533 684 2613 quantumvis
707 2532 914 2616 longinquum,
946 2552 1063 2596 mecum
1086 2535 1330 2597 communicando
1352 2551 1458 2598 eorum

224 2641 290 2722 quis
311 2640 381 2703 mihi
403 2642 531 2704 extiterit
552 2659 673 2722 precum
694 2643 928 2708 intercessor‘et
948 2646 1031 2724 quasi
1053 2645 1224 2719 fideiussor,
1252 2645 1357 2726 quibus
1379 2644 1458 2726 apud

224 2750 434 2832 imperatorem
457 2758 625 2814 exterorum
647 2769 811 2834 regnorum
841 2752 975 2833 publicae
1003 2771 1054 2816 res
1083 2761 1170 2835 atque
1198 2771 1306 2818 causae
1335 2754 1458 2816 deman-

226 2860 312 2922 datae
344 2867 446 2922 essent
477 2860 628 2942 gerendae
659 2869 747 2942 atque
780 2862 937 2925 curandae.
991 2861 1084 2935 Quam
1115 2863 1269 2944 petebam,
1302 2863 1371 2924 licet
1401 2862 1459 2926 sibi

224 2968 368 3032 hactenus
389 2969 487 3032 alieno
508 2969 585 3033 haud
608 2971 677 3034 mihi
692 2972 850 3053 denegarit
863 2973 1108 3035 interventionem
1123 2973 1226 3036 illustr.
1239 2972 1459 3051 flccltsobcrtts,

225 3078 339 3141 liberae
361 3078 483 3141 civitatis
498 3077 731 3162 Hamburgensis
753 3081 829 3162 apud
848 3082 1067 3162 imperatoriam
1090 3083 1200 3161 aulam,
1223 3085 1272 3164 qui
1294 3083 1350 3146 dici
1371 3081 1460 3160 solet,

227 3189 360 3250 minister
389 3187 541 3268 residens,
575 3191 698 3271 eiusque
731 3193 822 3268 votis,
857 3209 925 3254 meo
958 3193 1077 3254 nomine
1109 3191 1388 3263 benevolentissime
1420 3191 1459 3254 ad

226 3315 373 3362 summum
394 3317 493 3361 rerum
515 3298 673 3362 aulicarum
694 3301 882 3382 eundemque
905 3300 1101 3364 bibliothecae
1122 3301 1303 3382 praelectum
1330 3301 1459 3378 emissis,

227 3414 306 3470 tanta
326 3407 507 3488 induigentia
529 3415 617 3489 atque
639 3408 776 3473 facilitate
799 3411 952 3492 respondit
971 3412 1202 3493 gratiosissimus
1229 3419 1258 3474 et
1286 3411 1461 3492 perillustris

228 3515 370 3579 Dominus
392 3535 428 3579 ao
448 3515 588 3598 Princeps
608 3517 924 3596 liechtensteinensis,
952 3528 984 3582 ut
1004 3537 1059 3602 per
1079 3528 1140 3584 tres
1162 3522 1316 3584 continuos
1338 3537 1461 3584 menses

229 3625 259 3690 in
280 3625 402 3690 aedibus
424 3627 545 3708 privatis
566 3627 616 3690 ilio
637 3627 712 3692 libro
734 3629 805 3692 mihi
824 3629 866 3692 uti
886 3629 1010 3692 licuerit.
1127 3651 1129 3654 ·

312 3735 362 3800 Sic
393 3737 511 3800 senario
542 3755 666 3800 numero
698 3739 771 3802 ultra
800 3737 916 3819 Alpium
948 3746 1066 3802 montes
1098 3747 1244 3803 servatam
1277 3755 1347 3803 esse
1378 3757 1461 3801 eom-

101 3845 106 3852 “
228 3852 328 3927 pertus
349 3863 415 3910 sum
436 3845 586 3929 Papiensis
608 3865 753 3912 summam
775 3847 965 3912 decretalium
979 3846 1035 3928 ⁴⁶),
1065 3850 1148 3913 cuius
1169 3867 1208 3912 ne
1228 3867 1317 3912 unum
1340 3849 1461 3930 quidem

263 4165 298 4231 ⁴³)
316 4165 358 4220 Ne
377 4169 438 4234 quis
458 4184 541 4220 novas
560 4173 586 4220 et
603 4167 765 4220 lrustraneas
782 4167 814 4220 de
828 4185 859 4222 ea
871 4163 992 4221 instituat
1003 4170 1202 4236 inquisitiones,
1221 4186 1266 4222 eas
1279 4167 1462 4223 bibliothecas

318 4251 477 4306 Germaniae
502 4269 657 4308 enumerare
681 4254 782 4322 placet,
812 4271 879 4322 quas
903 4257 987 4322 ipsam
1013 4272 1067 4308 non
1089 4255 1186 4309 habere
1206 4259 1270 4309 scio.
1308 4255 1377 4310 Sunt
1395 4273 1461 4310 vero

318 4341 383 4392 hae:
411 4340 635 4407 Bambergensis,
653 4340 823 4406 Bonnensis,
848 4339 1038 4408 Erlangensis,
1062 4341 1267 4410 Friburgensis,
1294 4341 1463 4410 Giessensis,

318 4425 518 4493 Gottingensis,
544 4425 825 4494 Gryphiswaldensis,
848 4425 1103 4494 Heidelbergeuais,
1127 4427 1343 4495 Herbipolitana,
1363 4427 1462 4496 Regio-

321 4519 461 4579 montana,
480 4511 698 4580 Rostochiensis,
715 4511 953 4566 wratislaviensis.
1009 4569 1018 4587 x
