3098 5184
253 233 277 294 L
337 243 341 254 “
733 229 1006 290 PRAEFATIO

251 410 383 491 dicendi,
416 409 595 492 respondeat
627 409 720 490 ipsius
742 427 833 489 super
862 407 1060 474 decretalibus
1087 425 1210 473 summa.
1256 407 1373 490 Papiam
1395 425 1484 489 porro

231 521 402 600 ,civitatem
421 537 504 584 suam
526 527 672 600 nuncupat
686 519 738 597 95),
762 526 792 581 et
813 537 926 598 eorum,
954 537 1030 600 quae
1051 518 1082 580 in
1103 517 1263 584 Fauentina
1283 517 1411 584 ecclesia
1435 517 1486 579 ob-

254 637 420 710 serventur,
441 648 475 694 se
496 629 601 711 probat
620 628 697 692 baud
719 630 855 710 ignarum
869 626 928 707 96),
958 627 1123 709 expressim
1145 628 1264 692 auden
1285 645 1431 692 summam
1453 645 1485 690 se

255 739 293 802 de
309 738 456 804 electione
477 738 586 802 fecisse
608 739 677 804 dicit
697 745 800 802 auctor
814 737 868 814 97).
906 737 1017 811 Quibus
1040 737 1176 802 omnibus
1190 739 1216 802 si
1230 737 1388 816 addideris,
1412 755 1488 818 qums

251 848 395 930 praelatio
424 848 536 930 proiert
565 849 602 912 de
623 847 699 914 libro
721 848 913 913 decretalium
935 833 1116 929 composito,
1136 847 1173 910 de
1196 847 1275 912 aditu
1296 849 1333 911 ed
1354 849 1436 928 ipsas
1458 847 1487 908 in

253 975 366 1022 summa
389 966 572 1040 praeparato,
592 966 680 1040 atque
702 958 740 1022 de
754 961 841 1022 tertio
856 957 968 1036 labore,
992 975 1079 1038 quem
1105 975 1183 1022 nunc
1198 958 1371 1025 assumserit
1382 963 1489 1020 auctor

252 1069 282 1129 in
312 1068 430 1132 casibus
458 1066 655 1150 explicandis,
685 1085 774 1130 omne
801 1085 922 1150 prorsus
951 1065 1069 1129 dubium
1097 1074 1129 1129 ut
1158 1066 1251 1148 lugiet
1271 1085 1399 1132 necesse
1421 1067 1488 1142 erit,

257 1177 336 1258 quin,
360 1196 448 1260 quem
470 1177 566 1242 codex
587 1177 733 1257 nominet,
762 1195 796 1240 re
818 1195 889 1240 vera
912 1175 998 1240 buius
1019 1175 1159 1240 Bern'ardi
1176 1175 1327 1257 Papicnsis
1350 1178 1387 1239 sit
1400 1175 1486 1240 liber.

252 1286 346 1350 Recte
370 1306 408 1352 an
429 1289 524 1369 ipsum
547 1286 682 1350 librarius
706 1285 754 1348 vel
776 1287 911 1350 uriniator
932 1286 1115 1367 inscripserit
1138 1285 1249 1361 „Casus
1263 1284 1488 1363 decretalium‘,

252 1405 355 1480 posset
376 1397 503 1462 tortasse
533 1398 598 1480 quis
627 1413 751 1460 mouere
773 1397 986 1477 quaestionem.
1028 1395 1102 1460 Nam
1123 1395 1160 1458 ad
1182 1394 1373 1458 decretalium
1395 1395 1488 1458 multo

252 1507 396 1572 maiorem
418 1525 572 1570 numerum
594 1505 763 1570 Bernardus
780 1505 851 1568 nibil
866 1507 1002 1586 proponit
1016 1503 1053 1567 de
1069 1522 1140 1568 casu
1155 1504 1256 1571 deciso
1271 1505 1487 1586 decidendove,

253 1622 302 1678 aut
323 1616 414 1680 uariis
435 1634 506 1680 usus
527 1614 667 1698 loquendi
689 1614 822 1678 turmulis
836 1614 878 1692 98)
908 1633 967 1678 non
989 1632 1063 1695 opus
1086 1633 1153 1680 esse
1176 1615 1262 1694 dicit,
1282 1622 1314 1678 ut
1328 1615 1488 1696 quidquam
1538 1635 1539 1640 ¹

254 1724 291 1787 ad
312 1742 399 1789 casus
421 1725 647 1807 explicationem
669 1723 780 1790 alterat.
816 1724 920 1806 Neque
942 1732 1096 1790 contentus
1119 1732 1165 1789 est
1186 1723 1376 1806 generalibus
1396 1743 1489 1806 regu·

250 1834 286 1898 lis
310 1834 358 1898 vel
379 1834 559 1898 brocardicis
581 1835 618 1898 ad
640 1834 756 1916 singula
782 1834 905 1914 capitula
926 1834 1124 1915 proponendis
1147 1841 1195 1898 aut
1216 1835 1370 1905 contrariis
1391 1835 1489 1898 resol-

252 1944 356 2008 vendis
379 1945 592 2028 doctorumque
615 1944 848 2009 dissensionibus
870 1944 1071 2023 diiudicandis,
1095 1943 1148 2008 sed
1169 1943 1295 2023 insimul,
1317 1945 1387 2024 quin
1402 1963 1488 2025 prae÷

255 2055 341 2136 cipue
363 2055 455 2136 ipsam
479 2054 603 2120 litteram
633 2057 671 2118 ita
698 2055 925 2134 interpretatur,
956 2062 986 2117 ut
1007 2072 1060 2135 pro
1083 2061 1236 2135 apparatu,
1268 2071 1354 2134 quem
1378 2053 1488 2130 dicunt,

251 2163 357 2226 haberi
378 2164 473 2244 possit
494 2164 570 2228 liber
591 2172 678 2245 atque
701 2163 821 2245 glossae
843 2165 1036 2245 aequiparari,
1060 2182 1146 2246 quam
1168 2162 1318 2228 Parmensi
1335 2163 1486 2226 bernardo

255 2271 399 2336 debemus
424 2273 466 2336 ‘ad
487 2273 701 2356 Gregorianam
729 2271 946 2336 collectionem.
989 2275 1028 2336 At
1057 2289 1129 2336 vero
1161 2273 1277 2354 quidvis
1304 2275 1488 2344 eonomine

253 2381 364 2444 sentias
387 2381 425 2446 de
446 2399 523 2446 nova
545 2384 601 2446 ista
622 2381 772 2464 Papicnsis
794 2381 1014 2462 lucubratione,
1036 2381 1172 2447 omnibus
1192 2384 1338 2464 ingratum
1360 2382 1489 2448 futurum

253 2508 323 2556 csse
344 2507 415 2554 mox
435 2509 610 2572 persuasum
633 2491 703 2557 mibi
723 2490 822 2572 babui,
845 2492 871 2556 si
893 2491 1043 2568 oblivioni,
1068 2509 1144 2573 quae
1165 2490 1310 2559 hacteuus
1330 2491 1428 2572 primi,
1450 2511 1489 2556 ne

285 2763 321 2830 ⁹⁵)
340 2765 384 2818 Ad
410 2781 433 2819 c.
454 2763 486 2820 19
516 2765 574 2816 Cum
601 2765 675 2816 locum
703 2766 736 2819 de
767 2765 915 2834 sponsalib.
934 2765 996 2830 (IV.
1019 2767 1061 2834 1),
1085 2769 1163 2820 cuius
1188 2767 1327 2834 inscriptio
1346 2767 1413 2820 haec
1432 2774 1486 2821 est:

341 2851 511 2908 »Alexander
523 2851 573 2906 111.
590 2852 718 2922 Papicnsi
737 2854 891 2920 episeopo«,
909 2855 946 2906 ita
963 2855 1072 2920 ponitur
1091 2869 1185 2905 casus:
1203 2851 1278 2902 Hanc
1296 2869 1376 2902 ccccm
1394 2853 1447 2904 cicli
1462 2853 1486 2904 in

338 2955 404 2990 mea
421 2937 567 3002 ciuitate,
592 2948 615 2990 et
632 2949 668 2992 est
684 2939 740 2990 tales
757 2948 800 2990 etc.

284 3019 319 3088 ⁹⁶)
340 3025 385 3078 Ad
403 3041 425 3078 c.
437 3022 456 3078 8
476 3025 533 3076 Oum
545 3043 616 3091 super
629 3026 662 3080 de
676 3027 822 3094 sepulturis
835 3023 898 3090 (ΙΙΙ.
910 3025 966 3094 25),
989 3044 1021 3080 ex
1034 3027 1160 3080 decretali
1173 3024 1251 3078 Lucii
1264 3023 1315 3078 ΠΙ.
1331 3027 1484 3094 praeposito

337 3117 363 3163 et
382 3113 517 3165 canonicis
536 3111 744 3166 Faventinis
764 3116 848 3167 missa
867 3114 1035 3180 desumtum‚
1055 3097 1147 3166 auctor
1164 3111 1197 3165 ad
1215 3131 1241 3165 v.
1260 3121 1352 3164 statuta
1370 3109 1405 3164 B.
1423 3112 1483 3164 Gre-

338 3197 405 3263 port't'
428 3197 548 3251 adnotat:
576 3198 631 3251 lieet
652 3199 695 3250 lroc
713 3217 766 3266 cap.
785 3201 817 3251 sit
828 3201 925 3266 suctum
943 3200 1064 3250 canonicis
1079 3199 1231 3262 Ferentinis,
1260 3207 1336 3250 tameo
1353 3195 1486 3250 &venece

339 3301 388 3334 non
409 3293 526 3337 remorer.
793 3323 797 3332 ,

285 3368 321 3435 ⁹⁷)
340 3371 385 3422 Ad
405 3371 459 3426 cl
478 3369 543 3428 Quia
562 3382 640 3422 aurem
663 3372 696 3425 de
722 3375 780 3428 iure
804 3379 908 3440 patron·
934 3371 1057 3436 tIII.3³)
1081 3375 1109 3426 in
1128 3370 1193 3426 Ocd.
1212 3371 1334 3426 Francos.
1358 3371 1426 3426 haec
1450 3373 1485 3426 le·

339 3463 455 3523 gutulum
479 3455 556 3508 Casus
574 3467 610 3508 est
625 3460 687 3509 satie
703 3460 856 3524 manifestus,
873 3458 918 3508 sed
933 3475 980 3508 aon
999 3468 1076 3508 mmen
1094 3459 1206 3509 immerito
1218 3455 1373 3509 dubitandum
1385 3459 1485 3526 videtur,

336 3559 379 3592 cur
396 3542 484 3593 dicitur
500 3546 740 3608 repraesentationem
758 3545 797 3595 vel
813 3543 945 3595 electionem
960 3545 1062 3610 patroni
1077 3554 1155 3596 ratam
1173 3563 1220 3595 noo
1237 3561 1301 3610 erse,
1327 3564 1378 3596 cum
1397 3557 1487 3596 constet

338 3644 390 3680 eam
408 3631 546 3682 cononicam
564 3647 622 3682 esse.
663 3630 813 3682 sicutenim
837 3632 870 3682 in
893 3649 1009 3682 summa
1032 3631 1069 3682 de
1092 3632 1248 3684 electione
1270 3629 1422 3696 diximus,
1447 3631 1487 3682 ubi

336 3715 437 3766 ecclesia
454 3733 496 3766 nec
513 3717 622 3768 clericum
643 3735 686 3768 nec
709 3719 832 3785 collcpiem
855 3717 937 3782 taber,
963 3718 998 3770 ad
1016 3729 1145 3784 patronum
1169 3719 1251 3772 electio
1274 3727 1377 3784 spectat,
1402 3728 1430 3770 ut
1448 3737 1484 3770 or.

339 3801 366 3854 0.
387 3799 466 3853 XVI.
486 3801 556 3868 paa7
573 3803 731 3856 Decernimus
753 3807 789 3871 (c.
805 3801 869 3872 32),
896 3803 1071 3856 Monectcriem
1094 3809 1129 3873 (c.
1147 3804 1204 3872 33).
1246 3804 1300 3856 Sed
1326 3806 1376 3856 dici
1396 3816 1484 3874 potest,

341 3887 408 3954 qood
418 3889 515 3954 sectum
534 3892 648 3956 petroni,
674 3891 728 3942 licet
743 3891 881 3941 canonicum
899 3891 942 3954 rit,
967 3909 1014 3941 non
1033 3901 1110 3942 temen
1128 3901 1189 3944 esset
1205 3879 1283 3962 ratpm
1301 3901 1396 3945 etc...
1432 3891 1486 3944 Sed
1538 3959 1539 3964 1

336 3991 414 4025 noane
430 3975 524 4026 viderer
540 3975 626 4026 ieiune
644 3977 688 4042 api
704 3995 755 4028 com
776 3977 855 4042 priori
872 3983 1045 4042 praesentato?
1079 3977 1149 4030 Sicut
1172 3979 1233 4030 enim
1257 3979 1287 4030 t'n
1309 3996 1425 4030 summa
1449 3979 1485 4030 de

333 4061 493 4113 electione
516 4061 665 4126 diximus,
690 4079 721 4114 ee
743 4063 854 4116 abeam
877 4066 993 4118 canonice
1013 4065 1110 4130 aliquid
1124 4067 1186 4117 iuris
1199 4067 1311 4131 provenit
1326 4065 1362 4116 ad
1377 4065 1482 4129 electura,
1538 4061 1539 4064 '

339 4149 397 4214 puio
414 4148 471 4200 dum
488 4149 608 4214 approbat
624 4149 654 4198 de
671 4165 696 4200 ee
707 4151 804 4216 suetam
823 4151 969 4216 eboricum,
993 4151 1105 4204 ecciesiae
1129 4171 1231 4218 sponsus
1254 4153 1361 4219 efficitur
1376 4162 1419 4206 etc.
1432 4163 1483 4218 cta,

336 4235 501 4300 quibuscum
520 4237 552 4288 ct.
571 4234 708 4289 Summam
729 4237 762 4290 de
781 4240 856 4292 elect.
875 4237 911 4290 11.
933 4237 946 4306 i
961 4238 973 4293 1
988 4245 1014 4291 et
1027 4237 1039 4306 i
1050 4239 1075 4306 7,
1093 4241 1161 4292 inira
1178 4257 1204 4308 p.
1217 4238 1270 4296 308
1281 4246 1307 4294 ei
1319 4238 1379 4295 31³.

282 4317 317 4385 ⁹⁸)
336 4317 446 4372 Praeter
471 4336 533 4386 eas,
559 4337 626 4387 quae
653 4339 684 4374 ex
707 4325 853 4390 specimine
874 4325 956 4378 huius
974 4325 1037 4378 libri
1055 4327 1083 4379 in
1101 4326 1173 4394 App.
1193 4327 1254 4379 dato
1274 4331 1416 4396 apparent,
1439 4328 1483 4380 his
1538 4343 1539 4374 t

337 4421 445 4472 quoque
465 4420 545 4472 quam
564 4408 723 4474 saepissime
741 4411 824 4462 utitur
841 4418 945 4466 auctor:
973 4427 1067 4465 „casus
1093 4419 1134 4466 est
1158 4412 1227 4466 levis
1252 4419 1278 4466 et
1298 4413 1481 4481 manifestus,s

336 4507 431 4546 „casus
450 4498 476 4544 et
495 4508 593 4545 seusus
620 4501 661 4548 est
685 4495 813 4564 planus,“
841 4513 936 4552 „casus
954 4499 983 4554 iu
1001 4500 1059 4563 (ex)
1076 4498 1164 4556 littera
1181 4503 1282 4568 patetp
1310 4516 1408 4562 ¹‚cossus
1425 4501 1482 4569 pla·

336 4593 388 4631 nus
407 4582 449 4631 ert
467 4581 493 4630 ei
511 4578 599 4633 littera
616 4582 781 4634 manifesta.s

1105 4701 1118 4735 b
