3062 5174
262 202 323 266 300
696 207 893 264 annuatim
923 207 1060 266 sumita

342 386 404 444 Non
426 387 551 444 arbitror
570 385 811 456 praetereundum
832 401 910 454 esee,
933 387 1013 458 quod
1032 386 1247 459 praediximur,
1270 389 1383 444 annuli
1397 389 1497 446 immis

261 488 372 542 sionem
392 483 640 541 subarrhatiouem
662 485 805 556 appellari
826 491 854 539 et
875 483 938 540 fleri
959 484 996 539 ad
1016 484 1159 540 indicium
1180 481 1428 556 desponsationis
1448 490 1496 544 ian

261 585 369 650 lactae3
396 583 516 654 insuper
543 582 645 649 etiam,
674 597 711 636 ex
738 597 795 652 quo
823 582 946 636 annulus
975 583 1156 650 immittitur,
1184 583 1285 640 entim
1314 583 1496 654 desponsabo

260 681 464 752 praesumitur,
492 679 551 734 nisi
571 680 601 733 in
627 679 801 734 contrarium
828 677 974 748 probetur.
1021 679 1176 736 Sciendum
1204 687 1248 736 est
1275 688 1401 750 autem,
1432 684 1495 755 quod

261 784 385 848 quatuor
404 777 498 833 modis
519 775 643 830 annulus
664 775 839 845 immittitur,
861 776 950 831 videl.
974 778 1021 832 vel
1040 792 1093 846 per
1108 777 1214 848 iocum,
1235 778 1286 834 vel
1301 778 1345 834 ad
1362 779 1495 852 deceptio

261 891 342 942 nem,
372 875 418 929 vel
447 872 484 929 ad
511 872 728 943 experientiam,
758 873 804 928 vel
832 873 869 928 ad
896 872 1154 928 subarrhationem.
1187 874 1218 930 st
1239 890 1310 948 ergo
1332 891 1395 946 per
1414 877 1494 934 iocum

261 974 337 1027 lacta
357 971 459 1038 tuerit,
480 985 539 1024 non
561 976 654 1036 tenet;
683 983 718 1024 ea
738 970 815 1024 enim
838 985 911 1041 quae
932 986 984 1040 per
1004 971 1099 1026 Iocum
1121 971 1194 1026 flunt
1212 986 1271 1027 non
1295 972 1454 1046 obligant,
1472 983 1495 1030 nt

261 1071 292 1124 (l.
307 1067 401 1123 XXII.
424 1083 471 1139 qu.
488 1062 507 1124 2
527 1067 570 1122 Ne
591 1068 651 1138 quie
671 1067 818 1122 arbitretur
838 1065 878 1140 (c.
894 1063 962 1140 14),
992 1069 1069 1131 antl
1088 1077 1176 1124 autam
1196 1069 1236 1124 ait
1256 1065 1299 1140 (c.
1316 1063 1398 1143 18),
1425 1079 1451 1126 et
1467 1071 1495 1126 de

259 1166 369 1236 poenit.
391 1165 439 1220 Di.
454 1164 476 1218 I.
498 1164 651 1218 Divertiam
673 1161 712 1236 (c.
728 1159 790 1236 21).
834 1165 864 1220 si
885 1180 953 1220 vero
976 1164 1013 1220 ad
1039 1164 1253 1236 deceptionem,
1282 1174 1364 1238 puta
1387 1169 1495 1224 volebas

259 1265 336 1319 coire
358 1278 422 1318 eum
444 1263 543 1334 aliqua
564 1269 590 1317 et
611 1260 678 1316 ideo
699 1261 726 1316 ei
748 1262 887 1316 annulum
907 1262 1069 1331 immisisti,
1091 1262 1161 1317 licet
1180 1262 1235 1318 hoo
1255 1278 1317 1320 non
1336 1264 1495 1321 intentione

259 1359 437 1415 matrimonii
459 1360 570 1426 leceris,
592 1361 617 1414 si
638 1366 733 1414 tamen
755 1359 808 1413 illa
828 1360 983 1427 consensit,
1005 1366 1036 1415 tu
1051 1359 1087 1414 ab
1109 1374 1143 1414 ea
1162 1359 1297 1416 recedere
1318 1376 1387 1416 non
1411 1370 1494 1434 potes3

259 1458 337 1512 fraus
359 1458 435 1512 enim
457 1457 518 1512 sive
547 1455 631 1512 dolus
658 1457 734 1512 nulli
762 1455 848 1512 debet
874 1463 1020 1526 praestare
1047 1457 1257 1526 patrocinium,
1286 1457 1352 1512 nisi
1384 1459 1430 1526 ei,
1456 1460 1495 1514 eni

259 1556 299 1621 tit,
322 1561 353 1609 ut
374 1553 483 1610 CXV.
506 1548 588 1625 qud
608 1553 641 1607 st
655 1551 828 1625 [quandoque
842 1550 875 1624 a]
897 1554 1082 1608 sacerdotibus
1098 1548 1135 1627 ⁸⁵)
1157 1550 1198 1626 (a.
1214 1549 1260 1628 1),
1282 1553 1369 1610 unde
1392 1563 1423 1610 et
1442 1557 1493 1620 ille,

259 1652 362 1723 quiin
384 1650 513 1706 fraudem
534 1652 627 1717 iurat,
657 1658 785 1718 tenetur,
815 1658 847 1705 ut
868 1651 898 1706 C.
913 1651 1005 1708 XXII.
1028 1667 1075 1722 qn.
1092 1647 1110 1710 5
1127 1651 1289 1722 Quantaque
1311 1660 1378 1706 arte
1401 1645 1493 1724 (c.9);

259 1751 323 1819 lpse
344 1764 421 1816 vero,
444 1749 469 1803 si
493 1746 647 1802 blanditiis
675 1747 829 1803 verborum
856 1749 1005 1819 variisque
1032 1747 1273 1819 promissionibus
1302 1749 1412 1804 illectu
1439 1765 1494 1804 con·

258 1847 356 1914 sensit,
379 1853 456 1900 tenet
471 1840 509 1916 ⁶⁸)
532 1859 584 1914 pro
606 1861 756 1912 consensu,
779 1845 912 1915 exemplo
933 1845 1024 1915 itlius,
1047 1845 1097 1916 qni
1117 1845 1232 1900 illectus
1254 1851 1429 1902 tonsuratus
1450 1855 1492 1912 est,

258 1949 289 1998 ut
310 1943 341 1998 C.
355 1941 420 1999 XX.
443 1936 524 2014 qu.3
548 1942 690 1996 Ooaetitait
711 1939 750 2014 (c.
767 1937 809 2015 5).
852 1940 941 1997 Porro
963 1942 988 1996 si
1010 1941 1048 1996 ad
1072 1942 1296 2013 experientiam,
1319 1957 1384 1998 non
1407 1951 1492 2008 tenet3

256 2049 327 2111 puta
348 2041 468 2095 voluisti
488 2041 623 2109 experirI,
646 2039 771 2110 qualiter
792 2039 916 2094 annulus
937 2045 1025 2094 staret
1043 2039 1075 2094 in
1096 2038 1189 2116 digito
1207 2039 1333 2094 alieuius
1366 2042 1492 2096 mulieris

258 2145 285 2191 et
312 2138 354 2192 ita
381 2137 408 2190 ei
434 2137 613 2206 imposuisti,
643 2145 718 2190 certe
745 2151 799 2191 nee
823 2143 853 2190 tu
874 2137 979 2192 teneris
1002 2151 1054 2191 neo
1073 2137 1154 2207 ipsa..
1190 2137 1310 2192 sivero
1332 2137 1492 2193 Intentione

256 2232 451 2288 srrbarrlrandi
472 2234 612 2288 annulum
632 2233 797 2304 imposuisti
819 2241 848 2287 et
866 2234 932 2303 ipsa
952 2233 1052 2288 eudem
1072 2234 1232 2289 intentione
1254 2235 1401 2303 suscepit,
1421 2241 1491 2288 tenet

257 2331 409 2401 utrimque.
453 2331 485 2385 In
508 2331 670 2386 bisantem
692 2329 827 2385 omnibus
849 2337 932 2397 note,
962 2346 1073 2400 semper
1100 2331 1128 2386 ei
1152 2345 1223 2386 onus
1242 2329 1433 2400 probationis
1454 2333 1491 2385 in-

257 2427 407 2494 cumbere,
437 2429 488 2499 qui
515 2435 615 2483 contra
643 2419 857 2483 matrimonium
880 2428 944 2482 vult
964 2429 1079 2494 venire,
1108 2429 1178 2498 quia
1198 2428 1229 2482 in
1250 2426 1363 2482 talibus
1386 2443 1492 2498 semper

256 2541 308 2596 pro
328 2526 512 2582 matrimonio
533 2526 739 2596 praesumitur,
762 2525 820 2580 ulsi
840 2525 872 2579 in
892 2525 1067 2580 contrarium
1087 2523 1234 2595 probetur.

335 2616 363 2680 9.
385 2623 602 2678 Enormitas
618 2623 758 2678 delicti
771 2621 930 2693 aliquando
945 2623 1031 2678 estin
1047 2601 1429 2692 utroquecontrahentInm,
1444 2625 1491 2678 ali·

256 2719 372 2790 quando
398 2720 429 2773 in
457 2720 557 2774 altero.
599 2721 631 2774 In
660 2727 798 2790 utroque,
827 2726 897 2788 puta
924 2718 1059 2790 polluisti
1087 2719 1215 2788 aliquam
1242 2734 1294 2789 per
1316 2718 1489 2776 adulterium

255 2824 282 2870 et
309 2818 481 2886 insuper·ei
510 2816 616 2872 dedisti
644 2817 748 2884 tidem,
778 2815 857 2886 quod
884 2831 947 2870 eam
975 2817 1138 2886 acciperes,
1167 2815 1214 2870 vel
1238 2815 1270 2868 iu
1290 2825 1418 2872 mortem
1438 2819 1488 2872 viri

255 2916 316 2968 eius
338 2915 524 2980 consensisti,
547 2915 594 2969 vel
614 2916 679 2984 ipsa
699 2915 730 2968 in
752 2919 871 2968 mortem
893 2919 959 2968 tuae
979 2914 1096 2981 uxoris3
1128 2921 1204 2968 certe
1225 2913 1251 2967 si
1272 2927 1339 2968 cum
1359 2913 1421 2969 bac
1441 2915 1485 2969 tali
1523 2953 1524 2970 .

254 3017 282 3066 et
297 3007 336 3082 ⁶⁷)
356 3017 422 3080 post
442 3017 561 3066 mortem
582 3012 640 3064 viti
662 3011 697 3065 de
719 3009 845 3066 secundo
873 3010 1056 3066 matrimonio
1084 3010 1278 3076 contraxeris,
1307 3011 1485 3080 separaberis
1523 3075 1524 3086 .

255 3110 285 3163 ln
306 3108 352 3162 his
375 3108 505 3174 casibus,
526 3115 558 3163 ut
580 3109 610 3162 0.
626 3107 733 3163 XXXI.
757 3102 837 3179 qu.1
860 3107 985 3162 Relatum
1006 3104 1046 3181 (e.
1057 3101 1106 3180 4),
1128 3105 1161 3160 st
1181 3107 1240 3178 qais
1260 3107 1367 3160 vivente
1391 3104 1484 3180 (ab),
1523 3155 1524 3188 ,

254 3205 327 3259 alias
348 3209 442 3259 autern
463 3220 520 3260 non
542 3205 740 3276 separabitur,
761 3211 792 3260 ut
813 3203 844 3258 C.
866 3203 929 3259 ead.
952 3219 999 3274 qu.
1022 3203 1084 3258 ead.
1107 3204 1231 3275 Denique
1252 3199 1291 3274 (a.
1308 3197 1361 3274 2),
1386 3205 1421 3258 Si
1440 3223 1485 3276 qur
1523 3223 1524 3226 ¹

254 3299 370 3378 [fisarit]
397 3303 480 3357 aidau
501 3300 542 3375 (ct
556 3297 598 3374 7).
643 3304 713 3358 Cum
742 3301 860 3357 veroin
883 3301 973 3356 altero
995 3303 1081 3356 tuerit
1101 3301 1172 3356 baec
1193 3301 1296 3355 delicti
1322 3304 1484 3366 enormitas,

252 3399 375 3469 impedit
402 3400 616 3455 matrimonium
646 3397 891 3468 contrahendum,
918 3398 968 3452 sed
995 3414 1053 3454 non
1075 3397 1187 3453 dirimit
1207 3403 1402 3454 contractum.
1442 3399 1487 3452 Est

252 3501 347 3552 autem
368 3497 399 3550 in
422 3498 512 3552 altero
534 3504 643 3552 tantum
665 3498 695 3550 in
723 3497 823 3552 multis
840 3490 878 3569 ⁸⁸)
908 3497 1038 3564 casibur;
1066 3503 1138 3566 puta
1164 3495 1190 3548 si
1217 3494 1323 3549 mulier
1350 3496 1485 3550 meretrix

251 3599 309 3658 eat,
331 3608 388 3647 non
411 3593 497 3648 debet
518 3593 586 3649 duci
606 3595 636 3648 in
659 3609 793 3660 uxorem,
816 3600 848 3648 ut
863 3594 893 3650 C.
908 3592 1029 3652 XXXII.
1051 3588 1225 3663 qu.1Sicat
1242 3592 1361 3646 maelis
1383 3588 1485 3664 (c.1);

250 3689 384 3744 similiter
405 3692 429 3744 si
451 3691 558 3762 aliquis
577 3693 720 3746 incestum
740 3692 885 3746 commisit
904 3693 951 3746 vel
974 3706 1038 3746 curn
1059 3706 1111 3745 sua
1131 3689 1180 3744 vel
1200 3688 1299 3744 uxoris
1326 3704 1400 3742 suae
1423 3703 1484 3744 con·
1523 3699 1524 3706 ¹

251 3786 427 3856 sanguiuea,
456 3803 513 3841 non
536 3786 622 3842 debet
643 3786 678 3842 de
701 3794 795 3842 cetero
816 3789 1030 3844 matrimonium
1051 3787 1234 3853 contrahere,
1262 3791 1294 3840 ut
1315 3785 1348 3839 G.
1363 3785 1485 3841 XXXII.

251 3876 333 3952 qu?
357 3883 443 3944 Quam
463 3880 502 3954 (e.
519 3878 588 3955 19),
613 3884 646 3938 Si
665 3886 725 3955 qais
745 3887 854 3940 viduam
874 3883 914 3958 (c.
930 3878 999 3957 20),
1031 3883 1083 3946 Qut
1103 3883 1242 3938 donateris
1262 3877 1302 3953 (c.
1317 3876 1391 3954 21),
1417 3883 1485 3938 Coa-

249 3979 364 4033 eubairti
385 3975 424 4048 (c.
440 3973 508 4051 23),
530 3980 563 4034 st
583 3983 643 4052 qais
662 3999 721 4035 cam
741 3979 780 4053 (c.
796 3977 857 4055 24).
896 3981 989 4036 Immo
1004 3981 1117 4036 etiamsi
1131 3979 1283 4034 dormieris
1298 3993 1365 4034 cum
1380 3995 1485 4046 sorore,

248 4081 353 4143 matre,
377 4076 438 4130 fllia
457 4077 505 4132 rel
525 4085 610 4148 nepte
632 4079 731 4134 uxoris
752 4086 817 4135 tuae
838 4081 885 4134 vel
905 4079 982 4133 inira
1000 4078 1117 4132 tertium
1138 4075 1275 4150 gradum,
1303 4081 1331 4130 et
1353 4075 1413 4130 hoc
1435 4077 1485 4130 cri-

247 4186 312 4227 men
333 4170 485 4244 publicum
505 4179 533 4228 et
554 4175 736 4230 manifestum
752 4177 888 4245 extiterit,
910 4175 946 4230 ab
961 4187 1052 4230 uxore
1066 4179 1116 4228 tna
1130 4171 1311 4244 separaberIs
1324 4179 1484 4243 perpetum

246 4415 281 4482 οΦ)
300 4419 365 4472 God.
386 4421 483 4475 omittit
500 4422 643 4488 quandoque
654 4439 685 4485 ar
702 4429 820 4478 ceterum
839 4427 973 4494 conteras,
992 4441 1061 4492 quae
1079 4424 1113 4478 de
1130 4425 1183 4477 isto
1195 4438 1253 4490 cap.
1267 4425 1381 4491 saepius
1394 4442 1411 4478 a
1423 4427 1482 4480 Ber·

246 4489 328 4540 nardo
338 4491 365 4542 in
376 4491 547 4546 decretalium
558 4493 669 4545 Summa
678 4493 783 4546 laudato
794 4495 926 4548 adLib.I.
939 4495 1046 4552 titeet.
1060 4501 1113 4547 not
1123 4492 1155 4548 te
1168 4493 1269 4546 monui.
1285 4490 1321 4558 ⁸⁶)
1330 4492 1363 4546 In
1372 4493 1441 4550 God.
1454 4495 1481 4548 a.

246 4552 281 4621 ⁸⁷)
300 4557 345 4612 Sic
367 4557 446 4628 eoos
471 4577 506 4614 an
528 4563 595 4616 loris
617 4561 697 4617 taliter
714 4563 860 4632 legendnm
878 4567 944 4618 orii?
1014 4564 1049 4631 σε)
1067 4563 1100 4618 In
1123 4561 1189 4617 Ood.
1214 4571 1241 4612 ut
1264 4561 1290 4614 ia
1314 4563 1411 4630 malci,
1438 4567 1480 4622 sed
