3098 5184
242 235 294 295 LII
712 233 987 292 PRAEFATIO

241 429 315 476 vero
335 409 503 476 Parmensis
526 410 574 474 uel
595 409 823 493 compostellani
844 429 921 476 uuus
941 411 1055 477 alterve
1075 413 1167 495 possit
1186 431 1258 478 esse
1279 415 1376 480 codex
1396 415 1473 478 inter

240 540 295 588 eos
309 520 501 586 decretalium
515 539 611 599 casus,
634 522 684 604 qui
697 529 748 584 aut
765 522 822 586 sub
843 521 948 584 borum
964 523 1019 598 ¹⁰³)
1040 531 1090 586 aut
1113 523 1194 588 nullo
1214 523 1331 588 adiecto
1353 525 1474 588 nomine

155 649 160 658 ·
239 639 437 698 recensentur
451 629 515 710 ¹⁰⁴).
558 631 684 694 Videant
712 632 828 714 itaque,
859 633 966 713 quibus
987 633 1134 698 eiusmodi
1154 635 1290 698 codimm
1310 641 1408 715 putent
1430 636 1475 698 in-

239 745 372 826 spectio,
399 762 437 806 un
465 751 496 806 et
516 749 661 824 quatenus
682 749 785 806 nosbo
805 741 908 805 libello
929 743 1112 819 concordent
1133 744 1340 808 discordentve
1361 745 1403 807 illi
1425 763 1475 807 cu-

242 871 327 916 suum
354 851 420 916 libri
450 853 653 933 manuscripti,
681 869 757 932 quos
783 851 821 916 ad
849 859 911 916 tres
937 855 1054 934 priores
1075 855 1298 936 compilationes
1319 857 1350 918 in
1369 854 1476 918 biblio-

239 962 337 1026 tbcois
357 963 534 1026 invenerunt
553 961 711 1029 neturus
726 961 780 1036 ¹⁰⁵)
807 968 896 1043 utque
917 963 1111 1030 IItasscalas
1127 962 1196 1044 ¹⁰⁶),
1225 972 1275 1028 aut
1294 965 1402 1028 adesse
1425 983 1477 1046 ap-

239 1072 361 1153 parebit.
410 1071 481 1136 llibi
502 1090 576 1136 vero
603 1073 658 1154 ipsi
684 1070 758 1134 nibil
785 1070 932 1153 reliquum
960 1081 1039 1152 erat,
1072 1092 1159 1156 quom
1179 1076 1210 1136 in
1231 1074 1424 1138 BernardInIs
1446 1080 1477 1137 et

240 1181 404 1245 Iticurdinis
429 1181 546 1246 casibus
574 1181 699 1245 edendis
727 1180 821 1245 solam
853 1181 942 1246 tidem
971 1184 1056 1264 sequi
1083 1182 1213 1247 Patavini
1241 1202 1279 1248 ac
1298 1182 1476 1248 Francolirr·

240 1291 334 1356 tensis
355 1289 501 1356 codicum.

324 1399 369 1466 Ile
390 1400 441 1464 illo
463 1418 530 1464 cum
551 1401 610 1464 mm
632 1418 721 1483 supra
740 1402 856 1484 egerim
878 1402 1055 1484 generatim,
1076 1400 1135 1466 boc
1153 1402 1221 1468 Ioco
1236 1403 1267 1466 id
1282 1403 1408 1468 sufficiet
1423 1404 1476 1468 ud·

242 1517 382 1589 notesco,
410 1510 489 1593 quod
510 1509 629 1574 RIcardi
649 1510 839 1592 opusculum,
868 1519 899 1574 et
926 1511 1105 1576 lucidissime
1130 1513 1265 1594 quamns
1285 1512 1478 1594 compendio-

240 1621 359 1684 sissime
380 1621 521 1702 scriptum
543 1619 611 1698 (iol.
620 1621 790 1699 361-5212)
811 1628 842 1685 et
862 1621 1013 1702 usquead
1036 1641 1101 1703 cap.
1121 1621 1172 1684 uit
1189 1626 1334 1704 Quamvis
1349 1623 1387 1686 de
1407 1641 1476 1704 reg.

240 1731 294 1794 iur.
309 1729 482 1812 productum
496 1737 716 1812 seruatumque,
738 1731 848 1795 diuersi
867 1731 986 1812 qudem
1007 1739 1055 1795 est
1074 1732 1157 1810 initii,
1178 1733 1215 1796 iis
1235 1733 1306 1813 Ipsis
1328 1749 1400 1794 uero
1423 1752 1477 1795 ex-

240 1838 320 1922 plicit
340 1840 449 1917 uerbis,
477 1839 583 1922 quibus
602 1840 788 1908 Parisienses
810 1849 841 1904 et
861 1841 1047 1906 Graeciensis
1070 1841 1191 1906 codices
1212 1841 1409 1906 allaassenio
1431 1842 1478 1905 in·

242 1950 336 2030 uenti,
367 1950 431 2020 scil.
454 1949 518 2015 bis:
555 1952 633 2015 men
656 1956 779 2030 publice
798 1962 826 2013 ct
850 1954 886 2014 de
913 1955 1122 2016 eomuetndirue
1142 1954 1343 2031 blasphemiae
1364 1955 1478 2014 steten

241 2063 430 2141 icimur,
459 2078 524 2124 non
547 2071 669 2140 ponent
696 2064 901 2140 dissimulare5
931 2066 1104 2140 imputatur
1131 2067 1211 2124 adm
1234 2067 1290 2140 cia,
1318 2067 1345 2123 n'
1362 2064 1478 2140 fuerint

240 2173 434 2250 neptipmua,
463 2169 568 2234 additis
595 2177 705 2234 mutum
735 2170 909 2252 quibusdum
938 2172 1004 2235 sive
1027 2170 1144 2234 Ilicurdi
1167 2171 1232 2234 siue
1252 2169 1363 2234 librarii
1383 2171 1478 2234 uersi-

243 2278 317 2344 cuIIs
332 2279 398 2355 ¹⁰⁷).
439 2277 535 2343 llinus
556 2288 712 2344 accuratae
733 2282 915 2362 scripturae,
943 2281 1016 2362 quin
1036 2288 1068 2344 ct
1087 2299 1241 2360 mancum,
1270 2282 1377 2362 quippe
1398 2279 1478 2362 quod

268 2515 315 2580 ¹⁸⁸)
334 2515 466 2570 Bernardi
494 2514 650 2570 Pammenem
680 2531 779 2569 nomen
811 2533 875 2584 prae
903 2535 933 2570 se
958 2519 1048 2571 ierunt
1076 2517 1160 2572 codex
1187 2515 1309 2569 Venetus
1337 2515 1365 2568 S.
1393 2515 1479 2569 Marci

326 2603 382 2669 (ap.
400 2605 516 2656 illu-lun
533 2602 553 2656 l.
570 2620 594 2657 c.
612 2621 639 2674 p.
653 2602 685 2660 13
703 2603 755 2658 sub
773 2601 804 2668 8)
829 2611 855 2656 et
877 2603 1031 2658 Duacensis
1055 2610 1111 2672 (ap.
1135 2607 1271 2656 fflcactlun
1289 2603 1306 2656 l.
1324 2620 1347 2656 c.
1365 2620 1391 2672 p.
1407 2602 1479 2670 156),

329 2687 540 2756 compostellani
565 2707 629 2743 vero
653 2689 839 2756 Turonensis,
866 2689 1032 2745 Matritensis
1056 2699 1082 2746 ct
1103 2690 1256 2744 Tolosanus
1281 2691 1359 2753 (ibid.
1378 2689 1477 2758 pasc.

270 2859 315 2927 ¹⁰⁴)
334 2859 417 2915 Nudo
430 2861 560 2916 Beruardi
579 2865 688 2918 nomine
706 2865 849 2932 insignitos
869 2865 955 2930 reperi
972 2864 1053 2918 binos
1065 2864 1258 2917 Atrebatenses
1278 2869 1357 2929 atque
1376 2860 1476 2914 Carnu-

267 2983 271 2992 ·
328 2954 435 3016 tenses,
458 2952 486 3002 et
503 2965 588 3004 unum
604 2950 849 3018 Rothomagenscm
870 2949 949 3011 (ibid.
967 2965 993 3016 p.
1006 2950 1049 3006 37.
1062 2949 1105 3006 39.
1121 2948 1178 3006 126.
1195 2949 1253 3006 132.
1266 2948 1339 3013 426).

272 3034 317 3099 ¹⁰⁵)
335 3035 455 3090 Adnotat
477 3037 507 3090 ln
533 3036 681 3092 Commeat.
706 3041 749 3092 cit.
775 3037 846 3104 aa
870 3043 926 3090 not.
944 3035 977 3106 6,
1003 3038 1088 3090 oodIci
1111 3036 1250 3104 Lipsiensi
1274 3034 1321 3088 Nr.
1340 3033 1407 3104 975,
1431 3036 1477 3102 qni

330 3122 457 3174 ineditam
483 3122 657 3176 decretalium
678 3123 865 3177 collectionem
883 3123 1050 3176 BernardIno
1067 3125 1200 3178 breviario
1218 3124 1397 3190 antiquiorem
1417 3138 1477 3174 con·

330 3209 411 3275 tinet,
434 3216 537 3275 praeter
555 3207 693 3263 Notabilia
719 3211 896 3263 secundarum
920 3212 1109 3278 tertiarumque
1128 3215 1154 3262 et
1173 3207 1260 3262 Casus
1278 3214 1392 3276 quatuor
1410 3209 1478 3275 prio

329 3309 388 3347 rum
406 3296 626 3363 compilationum
647 3297 763 3350 insertos
781 3313 852 3350 esse.

269 3378 314 3446 ¹⁰⁸)
332 3381 373 3434 Iix
393 3382 488 3436 litterIa
505 3383 540 3434 ad
558 3400 600 3436 me
619 3382 688 3436 datis
706 3387 838 3452 comperi,
863 3391 978 3452 quatuor
995 3385 1047 3451 ipsi
1067 3384 1127 3438 Sec.
1140 3382 1218 3436 XIII.
1237 3382 1282 3436 vel
1299 3380 1376 3434 XIV.
1395 3382 1476 3434 obve-

328 3470 403 3522 nisse
433 3470 539 3522 codices
567 3471 799 3539 membranaceos,
828 3486 907 3524 casus
935 3469 1107 3524 decretalium
1136 3469 1231 3537 (lump.
1249 3469 1272 3522 1.
1298 3471 1475 3524 continentes.

330 3553 431 3607 Eorum
450 3562 511 3622 tres,
530 3557 587 3609 scil.
603 3555 765 3610 Parisiensis
783 3558 828 3610 lat
846 3555 924 3612 3922.
944 3557 988 3609 iol.
1001 3555 1114 3626 66—73,
1134 3554 1360 3624 compendiensis
1379 3553 1413 3610 95
1432 3555 1476 3608 Iol.

329 3647 355 3694 et
371 3639 541 3695 Graeciensis
559 3643 629 3710 iiiut
649 3644 711 3711 lol.,
729 3645 798 3697 inter
817 3661 846 3697 se
864 3661 974 3711 prorsus
994 3643 1195 3712 concordantes,
1214 3641 1247 3696 ad
1267 3643 1317 3697 cl
1337 3642 1370 3696 de
1389 3649 1475 3695 const.

329 3729 368 3780 sic
388 3729 534 3796 IneIpIunt:
573 3729 682 3781 Oenones
705 3730 791 3781 demat
812 3731 843 3781 ub
867 3730 973 3781 omnibus
996 3730 1120 3782 οὐσα-ναΐ
1141 3739 1165 3780 et
1186 3746 1266 3780 comm
1288 3729 1432 3780 auctoritate
1450 3729 1475 3779 in

328 3813 416 3866 iuda'cio
435 3816 549 3882 procedi,
577 3818 724 3885 expliciunt
748 3835 812 3871 vero
838 3817 872 3870 ad
896 3819 934 3870 tte
958 3817 992 3870 de
1010 3833 1066 3885 reg.
1084 3819 1133 3871 ior.
1153 3817 1196 3870 bis
1213 3817 1319 3870 verbIs:
1345 3814 1477 3883 Indipnnm

330 3910 366 3952 eat
375 3902 464 3968 fucere
480 3903 615 3970 bomopium
628 3923 722 3967 .....‚·
738 3904 869 3969 monae
885 3903 946 3954 mun
963 3903 1011 3968 eir,
1028 3903 1053 3954 ri
1063 3904 1161 3970 fitnint
1176 3902 1337 3970 coelicarum
1355 3911 1477 3971 quartus,

329 3986 490 4044 Parisiensis
513 3991 570 4044 scil.
589 3991 634 4044 lat.
652 3991 730 4048 3931.
747 3991 792 4044 iol.
810 3989 942 4057 ot—oo,
967 3992 1054 4044 manci
1078 3998 1119 4044 est
1137 3993 1205 4044 initii
1224 4007 1274 4044 nec
1294 3991 1364 4044 ultra
1381 3992 1422 4043 tit.
1443 3991 1476 4044 de

330 4077 449 4145 presbyt.
466 4087 524 4130 non
548 4079 681 4145 baptizato
704 4079 825 4144 procedit
847 4079 880 4132 ab
904 4077 1015 4145 illisque
1040 4077 1067 4130 in
1093 4078 1186 4132 multIa
1207 4077 1354 4142 discordat;
1379 4093 1476 4131 omnes

330 4179 394 4215 vero
412 4163 506 4216 incerti
525 4171 590 4216 sunt
608 4167 733 4218 auctoris.

272 4248 317 4311 ¹⁰²)
336 4246 405 4302 Sunt
422 4266 487 4304 vcro
505 4250 547 4302 hi:
565 4249 610 4300 Ad
624 4241 718 4302 wlitdm
736 4251 830 4316 mrpirn
846 4259 956 4313 metrum,
983 4249 1059 4317 ne[c]
1083 4250 1171 4301 Merit
1186 4249 1278 4302 bortum

562 4335 728 4400 Hortulomr,
748 4352 819 4403 eques
831 4337 942 4403 mun,
960 4353 1056 4403 merpua
1072 4353 1158 4403 aquen

563 4420 696 4487 consuto,
715 4425 811 4489 reflecto
825 4425 937 4492 produn.
975 4422 1098 4475 Gmmtio
1111 4441 1193 4490 poeno

561 4508 675 4561 Flumum
687 4521 815 4576 provectae
832 4505 1004 4562 commoditatis
1020 4509 1098 4562 lubet.

563 4592 635 4648 Laus
654 4596 762 4663 Giriatcp
781 4599 852 4651 eota
868 4599 932 4666 cito,
950 4597 1049 4664 sophia,
1067 4596 1147 4652 decu.
