3076 5176
466 247 580 303 LIBER
599 247 649 302 IV.
689 245 766 301 utu.
787 242 834 304 11.
1209 241 1268 305 159

43 419 94 484 sed
117 419 198 499 sitii)
218 420 287 506 ipae
308 430 420 506 postes
440 420 575 506 accipiat
594 441 726 486 uxorem
747 401 779 484 et
799 428 985 506 cognoscat,
1006 417 1111 500 ἰΠα77)
1133 417 1269 510 efficitur

41 528 115 592 mihi
138 528 247 594 affinis
268 530 350 610 ἱιι77)
373 530 512 595 secundo
534 551 649 616 genere
670 529 849 607 affinitatis,
879 539 910 594 et
930 529 975 594 ita
995 551 1053 615 per
1073 528 1176 594 omnis
1196 529 1267 594 uui·

42 659 132 704 onem
145 640 204 721 79),
227 639 293 704 scil.
315 639 568 725 subsequentem,
589 639 771 725 pervenitur
791 639 832 704 ad
854 638 1056 717 affinitatem
1078 639 1135 704 sed
1155 639 1266 720 n0n⁶⁰i

40 747 81 812 ita
102 747 138 812 in
161 748 317 834 spirituali
338 750 541 836 cognatione,
569 749 644 833 quia
670 749 698 813 si
723 764 865 835 tempore
886 747 991 815 sactae
1011 748 1092 815 inter
1112 770 1164 814 me
1184 757 1216 814 et
1237 757 1268 812 te
1323 747 1327 768 '

39 858 309 942 compaternitatis
334 881 416 924 uxor
443 867 498 924 tua
526 859 639 938 erat⁶¹)
668 881 734 924 una
761 879 834 924 caro
862 869 982 937 tecum,
1010 857 1084 922 licet
1103 879 1183 944 puer
1202 879 1267 922 non

41 976 123 1032 esset
144 967 230 1034 filius
251 969 328 1046 eius,
349 969 420 1055 ipsa
440 977 546 1034 tamen
566 977 613 1034 est
633 991 705 1034 mea
725 979 898 1034 commater
917 969 1069 1034 indirecto
1075 991 1085 1046 ;
1107 969 1266 1048 verum⁶²t

41 1076 66 1140 si
79 1077 225 1142 nondum
235 1077 274 1158 ⁶³)
294 1087 362 1143 erat
376 1078 478 1160 ιιιιι77)
500 1100 590 1157 uxor,
604 1079 678 1144 licet
691 1088 764 1165 post
779 1079 937 1165 acceperis
952 1100 1032 1158 eam,
1054 1079 1129 1163 quia
1142 1087 1217 1142 tanc
1227 1078 1267 1157 777)

42 1207 104 1250 ιιοιι
125 1200 196 1252 erat
215 1210 280 1253 una
300 1209 375 1254 caro
395 1197 514 1267 tecum,
540 1211 604 1254 non
625 1196 732 1254 tamen
753 1189 889 1254 efficitur
909 1211 981 1254 mea
1001 1197 1187 1266 commater,
1208 1207 1268 1250 nec

44 1295 162 1362 dneoto
186 1318 246 1362 nec
265 1298 433 1378 indirecto,
461 1298 546 1364 unde
565 1299 600 1362 in
621 1298 732 1363 eodem
741 1299 779 1379 ⁶⁶)
802 1297 955 1384 capitulo,
983 1297 1050 1363 scil.
1070 1303 1144 1362 Post
1163 1305 1268 1362 neoris

43 1411 80 1482 (c.
94 1408 127 1486 5)
139 1406 198 1486 ⁸⁷),
227 1407 387 1473 subditurz
417 1429 537 1494 „neque
557 1429 615 1494 per
635 1408 737 1472 carnis
757 1409 924 1472 unionem“
936 1407 993 1490 67),
1020 1405 1135 1488 scil.⁶⁹)
1157 1405 1266 1471 subse·

42 1524 203 1597 quentem,
227 1517 287 1594 „cd
300 1517 448 1586 unionem
463 1518 627 1604 spirittm“,
648 1518 669 1582 i.
684 1539 711 1582 e.
734 1517 823 1602 adm)
846 1518 1152 1604 compaternitatem,
1177 1537 1266 1601 „per-

42 1625 264 1708 rumitant).
279 1666 319 1676 —
363 1629 422 1704 st.
443 1626 536 1692 Nunc
550 1627 721 1692 videndum
727 1630 765 1704 ⁷²)
782 1636 843 1706 est,
865 1627 942 1711 quid
955 1627 1032 1692 iuris
1047 1627 1088 1692 sit
1102 1625 1142 1690 de
1155 1625 1264 1690 matri-
1318 1635 1328 1654 '

43 1734 154 1800 moniis
167 1736 206 1815 77)
229 1735 346 1801 talium.
390 1735 561 1804 Sciendum
587 1746 635 1802 est
660 1737 772 1822 igitur,
801 1736 887 1821 quod
912 1735 1017 1802 nullus
1045 1736 1188 1822 accipere
1208 1755 1266 1821 po-

44 1843 149 1924 testu)
173 1867 264 1910 suam
285 1856 489 1912 commatrem
510 1847 544 1911 in
564 1868 705 1924 uxorem,
727 1856 759 1910 et
769 1845 796 1910 si
811 1846 967 1932 acceperit
987 1854 1151 1932 separatur
1160 1846 1210 1924 ⁷⁵),
1229 1853 1266 1908 ut

45 1950 79 2016 C.
92 1951 203 2018 XXX.
226 1977 279 2039 qu.
297 1959 311 2022 1
336 1977 363 2020 c.
381 1961 395 2022 1
420 1957 453 2020 in
466 1956 520 2020 fin.
531 1956 580 2037 ⁷⁶),
602 1956 688 2041 quod
707 1977 808 2041 usque
829 1956 908 2022 adeo
926 1953 1265 2030 servatuminvenitnr,

44 2069 85 2137 ut,
106 2062 134 2126 si
154 2064 286 2130 maritus
308 2086 385 2131 casu
403 2065 508 2150 aliquo
518 2069 558 2147 ⁷⁷)
580 2087 656 2130 suae
670 2065 779 2130 uxoris
790 2075 951 2151 compater
965 2064 1149 2142 efficeretur,
1171 2063 1266 2128 etiam

46 2167 81 2232 ab
101 2193 140 2236 ea
155 2183 354 2259 separaretur
365 2177 414 2255 77),
436 2185 472 2240 ut
487 2174 525 2242 Ο.
540 2173 648 2240 XXX.
672 2180 750 2260 qui
774 2180 824 2241 ci
844 2185 876 2239 et
889 2177 925 2253 23
947 2175 1005 2240 sed
1017 2195 1101 2239 novo
1115 2186 1148 2238 et
1161 2181 1266 2259 poste-

45 2277 113 2344 riori
132 2281 202 2346 iure
222 2283 256 2347 id
266 2285 304 2363 ⁷⁹)
327 2284 483 2350 credimus
505 2306 574 2350 esse
595 2286 833 2364 correctnmffl),
862 2294 898 2348 ut
924 2284 958 2348 in
983 2281 1187 2369 sequentibus
1207 2282 1266 2348 ibi-

45 2387 110 2454 dem
131 2391 279 2477 oepituiis
305 2393 475 2472 invenitur,
505 2403 537 2459 et
562 2394 647 2460 infra
667 2395 736 2460 eod.
758 2397 821 2462 c.2
844 2392 913 2472 (Gr.
929 2415 956 2458 c.
969 2397 997 2462 2.
1012 2392 1071 2458 IV.
1084 2399 1142 2474 11).
1184 2392 1267 2458 Item

45 2497 142 2566 nullus
163 2499 262 2566 filiam
284 2525 375 2568 suam
396 2502 589 2589 spiritualem
610 2503 772 2590 poterit⁸¹)
800 2504 942 2589 accipere
963 2504 996 2568 in
1017 2526 1163 2581 uxorem,
1186 2511 1217 2566 et
1238 2502 1266 2566 si

47 2610 197 2695 acceperit
222 2614 447 2697 separatum),
475 2623 511 2678 ut
533 2612 571 2679 O.
586 2611 698 2677 XXX.
720 2619 803 2698 qut
828 2619 875 2678 De
895 2637 929 2678 ao
952 2619 990 2695 (c.
1006 2614 1048 2693 ὁ).
1090 2613 1172 2678 Item
1185 2605 1187 2609 ⁸
1200 2611 1265 2677 fra·

48 2719 166 2785 temitas
178 2717 347 2807 spiritualis
359 2734 392 2788 et
402 2723 441 2803 77)
466 2723 699 2788 matrimonium
713 2723 846 2808 impedit
859 2731 891 2787 et
901 2722 1053 2800 dissolvit,
1067 2721 1148 2788 utC.
1157 2720 1264 2786 XXX.

49 2847 94 2909 qu.
108 2831 180 2910 377)
202 2851 230 2894 c.
247 2835 274 2896 1.
290 2833 310 2898 2
324 2840 356 2895 et
370 2834 399 2900 3.
426 2867 467 2880 -—
509 2841 527 2909 s
550 2834 580 2900 5.
617 2830 704 2914 Quia
723 2833 846 2914 vero⁸⁵t
869 2833 1023 2911 diximus,
1045 2831 1266 2918 cognationem

48 2936 233 3019 spiritualem
260 2961 318 3025 per
345 2949 542 3006 sacramenta
568 2941 781 3008 ecclesiastica
805 2943 986 3029 provenire,
1008 2941 1187 3020 videamus,
1208 2963 1266 3026 per

49 3065 120 3127 quae
139 3059 339 3114 sacramenta
352 3051 561 3116 contrahatur.
605 3051 778 3118 Sciendum
793 3062 841 3117 est
861 3052 967 3138 igitur,
990 3051 1075 3136 quod
1091 3051 1264 3116 secundum

48 3155 203 3224 veritatem
223 3168 255 3224 et
269 3160 528 3226 consuetudinem
543 3170 665 3227 tantum
686 3162 746 3226 tria
759 3171 833 3227 sunt
847 3170 1053 3240 sacramenta,
1075 3182 1157 3245 quae
1178 3181 1265 3224 com·

49 3268 259 3346 paternitatem
286 3269 507 3356 impedientem
536 3272 770 3338 matrimonium
795 3271 1014 3354 inducuntffi),
1044 3270 1137 3336 videl.
1159 3291 1264 3335 sacra-

50 3569 107 3619 ⁶⁰9b
124 3575 191 3627 εαηι,
215 3559 307 3618 Μο.3
326 3563 380 3614 ista.
433 3565 470 3626 77)
489 3563 538 3617 Li.
557 3574 580 3616 et
596 3564 628 3616 in.
682 3565 718 3630 ⁵⁹)
739 3565 795 3618 Ha.
813 3565 921 3632 copalmn
938 3565 977 3616 nel
991 3566 1106 3616 catenen.
1158 3563 1196 3629 ⁶⁰)
1218 3563 1263 3615 Li.

50 3623 85 3672 aad
104 3629 131 3678 si.
202 3627 240 3693 ⁶¹)
263 3630 321 3684 Ha.
346 3633 419 3686 addit
437 3635 518 3699 saeta
587 3632 624 3698 77)
648 3633 756 3687 Desunt
780 3637 808 3686 in
833 3636 899 3699 Pa,
926 3651 994 3702 quae
1018 3635 1081 3687 hinc
1106 3639 1263 3701 sequuntur.

50 3688 80 3754 “i
97 3695 185 3754 M0.3
203 3699 246 3751 ubi
259 3717 315 3754 nan.
366 3701 404 3768 ⁶⁴)
424 3703 485 3755 Non
504 3709 545 3755 est
562 3713 605 3754 tna
622 3705 649 3756 in
668 3702 724 3755 Ha.
744 3720 793 3756 nec
816 3707 842 3756 tn
864 3705 925 3772 nt,
949 3706 995 3771 qui
1020 3720 1088 3770 quae
1115 3709 1265 3769 sequuntur

51 3765 133 3820 omittit
157 3773 238 3834 atque
262 3773 301 3823 sic
322 3774 422 3838 pergit:
447 3772 550 3823 nmmum
571 3781 624 3823 erat
640 3790 690 3822 una
707 3791 764 3823 cara
785 3782 859 3824 tecam
876 3782 919 3824 etc.
971 3771 1009 3837 ⁶⁵)
1028 3771 1089 3825 Μο.
1101 3772 1118 3828 2
1131 3772 1184 3826 et3
1202 3787 1263 3824 cum

49 3826 91 3882 Vi·
107 3835 205 3890 addunt
224 3847 315 3903 umen,
335 3842 407 3906 quod
424 3858 485 3894 mox
504 3843 636 3894 omittunt.
691 3840 729 3908 77)
750 3842 798 3894 Vi.
817 3843 867 3894 nto.
894 3898 895 3902 ,
919 3840 957 3906 77)
977 3842 1066 3896 Mae
1083 3851 1140 3906 post
1157 3859 1198 3893 uc.
1216 3841 1267 3892 obi-

51 3904 95 3952 im
144 3903 183 3971 ⁸⁸)
201 3906 260 3962 Ha.
277 3909 394 3974 copulam.
449 3909 486 3975 ⁸⁹)
505 3910 591 3964 Deest
609 3913 636 3962 in
656 3909 717 3964 Μο.
727 3912 753 3980 2,
771 3929 801 3964 ac
820 3915 843 3964 si
862 3915 920 3980 ipse
938 3912 1024 3967 camb
1042 3912 1153 3964 haberet
1169 3911 1264 3974 subseq.

50 3965 81 4031 ²⁰)
98 3971 140 4028 Sic
159 3975 251 4033 Mat
268 3986 295 4031 et
312 3977 360 4032 Vi.
414 3979 453 4046 77)
474 3978 565 4036 Μο.3
583 3979 704 4030 namur.
758 3981 796 4046 77)
816 3981 848 4034 In
866 3981 926 4034 eod.
945 3982 1086 4048 sequentia
1109 3980 1264 4032 exciderunt

52 4044 177 4104 usquead
194 4047 326 4112 otiatur.
386 4049 424 4110 77)
443 4048 501 4101 He.
520 4056 546 4102 et
564 4049 612 4103 Li.
630 4051 655 4100 t'n
673 4051 829 4102 matrimonio.
890 4051 928 4115 77)
948 4051 1003 4102 Ha.
1022 4050 1097 4101 debet.
1156 4048 1193 4112 77)
1213 4047 1262 4099 Li.

52 4112 72 4156 ti
92 4108 176 4170 Met
199 4126 331 4180 separetur.
405 4117 442 4183 77)
467 4117 565 4174 Μο.3
589 4121 686 4172 omittit
715 4135 784 4186 qnae
810 4127 961 4187 sequuntur
985 4136 1072 4186 usque
1097 4117 1130 4170 ad
1153 4118 1263 4169 alteram

52 4169 168 4236 CXXX.
188 4187 256 4251 qui
277 4189 438 4241 citationem.
490 4187 529 4248 77)
546 4187 599 4240 Pro
617 4205 675 4238 casu
693 4188 775 4254 aliquo
795 4189 850 4241 Ha.
870 4189 950 4242 habet
968 4188 1105 4240 carnaliter.
1157 4187 1194 4250 ⁷⁸)
1214 4185 1261 4236 Li.

53 4243 142 4305 ‘fficittr
158 4259 184 4304 ei
200 4264 331 4318 separetur.
389 4256 426 4322 77)
446 4255 495 4309 Vi.
514 4257 572 4319 bac,·
596 4259 624 4310 in
641 4257 735 4313 uto-2
753 4261 836 4312 deest.
893 4259 930 4324 ⁸⁰)
951 4257 1002 4310 Pa.
1021 4267 1151 4322 cereptum,
1172 4257 1218 4322 qui
1237 4260 1263 4306 et

53 4325 101 4368 mcx
119 4320 183 4388 legit
198 4325 392 4390 subsequentibus
409 4334 487 4394 atque
506 4327 574 4378 idem.
639 4327 676 4390 ⁸¹)
696 4327 752 4379 He.
768 4337 857 4394 potest,
884 4327 932 4381 Vi.
948 4337 1028 4392 potes,
1048 4325 1139 4380 Mo.3
1156 4341 1204 4374 non
1217 4340 1263 4388 pc·

54 4389 94 4446 7777»
111 4389 157 4442 sed
176 4394 286 4460 omisso,
305 4395 378 4460 quod
397 4395 441 4447 alii
459 4396 568 4463 habent,
583 4395 670 4447 nullas.
723 4397 760 4462 ⁸²)
773 4395 829 4449 Ha.
850 4413 910 4450 cum
927 4397 974 4449 Li.
994 4395 1113 4450 anos
1131 4403 1263 4460 separetur.

54 4448 82 4512 ⁸³)
98 4454 179 4513 Deest
197 4463 224 4514 in
238 4461 300 4516 Mo.
316 4464 327 4518 1
348 4470 375 4516 et
392 4464 409 4519 3
427 4471 506 4531 atque
520 4465 569 4518 Vi.
622 4465 660 4530 77)
681 4465 736 4518 Ηιι.
754 4468 787 4518 ad
806 4466 882 4532 aas
901 4467 1016 4519 remittit.
1069 4465 1107 4529 77)
1126 4463 1178 4515 Pa.
1196 4479 1262 4528 erpo.

54 4515 82 4582 “i
99 4525 140 4580 Sic
157 4528 180 4580 Ρ
187 4547 210 4583 a.
229 4547 289 4584 cum
308 4531 360 4584 Li.
379 4539 406 4586 et
424 4533 486 4587 Mo.
500 4534 516 4589 3
523 4551 531 4600 ;
559 4534 615 4588 Ha.
641 4551 703 4599 qaae
726 4536 919 4600 compaternitate
935 4535 1060 4600 inpediant
1076 4533 1264 4591 matrimonium

55 4584 128 4652 iibi
153 4605 179 4652 et
197 4597 246 4652 Vi.
271 4618 295 4668 q.
319 4604 512 4669 canpatnnitate
528 4603 667 4672 inpediente
684 4621 714 4657 m.
734 4605 799 4668 iad,
823 4605 969 4672 itidemque
989 4605 1050 4656 Mo.
1064 4605 1094 4673 2,
1118 4606 1170 4656 nisi
1191 4603 1263 4670 quod
