3062 5174
445 191 564 252 OASUS
596 193 882 251 DECRETALIUM.
1223 187 1282 253 345

48 389 106 445 pro
126 373 204 430 bono
224 374 306 446 paois
328 375 356 430 ei
377 373 427 430 dat
446 373 595 430 licentiam
617 371 866 444 disponsandi—
887 375 949 429 riom
963 383 1032 429 esset
1044 375 1155 428 minoris
1169 375 1284 429 aetatis.-

47 471 116 526 soil.
131 473 196 542 ipsa
211 473 312 542 puella
324 502 364 514 -
377 474 406 527 io
419 473 505 526 strom
517 471 625 526 nolebat
638 480 705 526 ete:
731 471 807 543 Ergo
828 486 886 525 non
908 478 968 526 eret
988 470 1170 542 expectando
1190 467 1283 541 pubes

49 573 130 622 aetas
150 568 188 622 ad
209 568 394 639 dispensum3
416 585 456 624 ar.
479 569 556 622 inire
576 567 639 624 eod.
662 583 686 622 o.
709 569 776 636 ult.;
805 583 844 622 ar.
867 577 957 623 eontr.
978 570 1055 624 inira
1076 567 1139 624 eod.
1160 567 1185 621 A
1206 568 1283 621 nobis

50 662 93 737 (o.
109 659 176 738 10),
205 665 238 720 Si
251 667 348 736 psello
369 663 408 737 (o.
425 661 477 739 11)
486 705 495 734 ,¹
522 664 573 721 sed
600 665 657 720 ista
685 671 748 720 ante
776 666 957 736 septennium
979 666 1072 721 iuerat
1093 664 1282 734 desponsete3

50 762 130 816 hene
156 763 329 820 solutionem
355 762 506 834 posuimus
533 762 565 816 in
592 761 677 818 huius
706 763 749 816 tit.
775 779 895 817 summe.
916 793 954 802 -
975 781 1065 818 veram
1085 764 1111 817 si
1131 762 1181 816 tibi
1200 763 1285 816 susm

39 859 150 928 suerit.-
171 859 226 916 Hie
246 875 299 931 pro
320 859 397 916 bono
417 860 499 929 paois
520 859 655 915 oonoedit
674 860 893 930 archiepiscopo
914 860 1095 930 dispensare,
1118 860 1202 930 quia:

335 953 488 1007 Prosariis
507 953 578 1008 euris
596 955 626 1006 tit
643 955 808 1021 dispensatio
827 955 907 1018 iuris;

336 1039 393 1094 Pax
410 1047 440 1094 ut
458 1048 588 1109 servetur,
604 1042 671 1095 iuris
690 1042 861 1096 moderamen
878 1041 1000 1094 habetur.

50 1130 182 1185 tolerante
203 1131 331 1185 eoeleste.-
351 1131 427 1204 Ergo
450 1131 598 1203 legitimos
619 1133 666 1187 vel
686 1131 780 1188 bouus
800 1132 932 1200 habetur,
956 1132 1006 1203 qui
1021 1130 1058 1186 ab
1072 1131 1195 1191 ecelesia
1212 1130 1283 1186 tole·

51 1232 145 1296 ratur,
167 1243 199 1284 ar
219 1228 266 1283 Di.
281 1227 361 1284 xlx.
382 1227 534 1288 Sessorium
553 1225 593 1301 (o.
608 1223 642 1303 8)
663 1236 691 1285 et
712 1231 742 1286 G.
757 1229 822 1286 XV.
845 1245 892 1302 qu.
914 1230 966 1285 ult.
989 1245 1013 1286 e.
1035 1229 1087 1284 ult.

504 1385 543 1454 C.
565 1389 595 1454 7.
637 1392 768 1458 Puberes
787 1400 839 1454 ete.

96 1519 220 1576 Reourre
240 1517 279 1576 ad
299 1519 530 1590 distinctionem,
561 1535 647 1594 quam
896 1478 1019 1576 Planum
1041 1525 1091 1575 est.

55 1615 185 1672 diximus
217 1633 305 1689 supro
332 1618 510 1690 Manifestum
539 1615 579 1692 (o.
602 1613 646 1692 3),

54 1721 84 1770 et
105 1729 177 1786 quae
198 1715 247 1772 hio
268 1713 415 1786 dicontur,
435 1717 526 1788 plana
546 1721 620 1771 sunt.

459 1871 498 1940 C.
520 1875 550 1942 8.
595 1877 811 1940 continebatur
832 1887 882 1938 ete.

95 2014 185 2070 Casus
211 2015 312 2070 est-iu
343 2015 441 2072 litters
469 2016 583 2086 plenus.
604 2044 644 2056 -
735 2017 806 2072 Cum
834 2018 911 2072 inira
925 2015 1053 2072 'nubiles
1081 2030 1170 2070 annos
1199 2029 1285 2085 quee-

48 2113 367 2168 oarooti·eommistiooe
398 2115 536 2184 esposuit:
566 2113 643 2185 Ergo
694 2114 761 2170 dam
791 2115 893 2186 puella
921 2131 937 2168 a
967 2112 1136 2184 parentibus
1169 2111 1284 2168 suidam

47 2210 110 2264 iam
131 2217 193 2264 eret
212 2211 381 2283 coniugium
404 2217 641 2279 consummatum,
692 2228 745 2284 pro
777 2228 866 2268 uxore
898 2210 1057 2268 truderetur
1088 2217 1115 2266 et
1146 2209 1183 2264 ab
1211 2211 1285 2279 ipsis

48 2323 92 2360 ar.
116 2308 145 2362 G.
160 2307 281 2364 XXVlI.
304 2323 351 2380 qu.
366 2303 386 2366 2
406 2307 439 2363 St
452 2310 511 2380 quis
526 2309 643 2379 despon—
692 2309 875 2366 matrimonio
886 2316 954 2380 apta
965 2314 1144 2376 assereretur,
1160 2309 1225 2378 ipsa
1237 2306 1286 2360 de·

46 2413 113 2459 sata
127 2401 165 2476 (o.
178 2399 241 2479 38).
258 2434 297 2448 -
317 2405 371 2460 otri
390 2407 514 2460 standum
535 2415 574 2460 est
594 2424 643 2460 oe·
692 2423 770 2462 mum
792 2406 830 2462 ad
850 2406 966 2462 nubiles
988 2422 1078 2462 annos
1093 2406 1215 2461 veniens
1230 2405 1284 2460 alii

45 2502 142 2556 rituti.-
176 2503 197 2556 i.
219 2507 243 2559 e.
276 2503 432 2558 eanonioae
464 2502 641 2574 probationi,
692 2503 824 2560 nubendi
851 2505 1000 2560 licentium
1031 2505 1121 2573 petit,
1152 2503 1286 2573 quamvis

47 2615 139 2670 quam
159 2599 215 2653 VII
235 2615 322 2655 manu
350 2601 442 2654 faeere
473 2599 574 2666 debet,
607 2598 642 2655 de
693 2617 816 2671 sponsus
848 2601 925 2669 eius,
961 2615 991 2655 se
1022 2616 1084 2655 eam
1116 2599 1284 2670 cognovisse

46 2711 109 2766 qua
130 2697 200 2751 satis
221 2696 343 2752 hebetur
369 2697 399 2750 in
429 2711 540 2752 summa
567 2697 644 2752 inira
693 2699 806 2770 alleget,
822 2697 908 2769 ‚quod
929 2698 982 2751 illa
1003 2705 1096 2768 negat.
1128 2695 1215 2752 Unde
1230 2696 1286 2750 tibi

47 2792 87 2846 de
115 2791 229 2865 frigidis
258 2799 286 2848 et
309 2794 403 2850 malet.
427 2825 464 2834 -
487 2794 642 2848 benedicto:
693 2795 917 2866 respondemus,
945 2793 1038 2866 quod,
1062 2809 1126 2851 oum
1147 2794 1211 2848 viro
1232 2808 1284 2864 po-

45 2887 114 2944 Non
135 2895 219 2960 putee
240 2888 408 2946 huiusmodi
434 2891 644 2946 sollemnitates
694 2894 750 2947 tius
783 2908 869 2964 quam
900 2891 1015 2947 mulieri
1048 2893 1077 2945 in
1111 2890 1218 2945 talibus
1248 2891 1286 2944 sit

47 3002 113 3042 essa
142 2986 177 3043 de
204 2988 389 3055 necessitate,
419 2984 471 3042 sed
499 2987 534 3043 de
555 2988 644 3044 hone·
693 2989 885 3057 eredendum,
915 2991 940 3044 ai
967 2989 1022 3044 hoo
1051 2989 1212 3044 iuramento
1239 2988 1285 3042 tir-

48 3089 143 3150 state,
175 3099 215 3138 ar.
247 3090 338 3139 contr.
371 3084 402 3140 0.
429 3082 523 3139 XXX.
555 3080 644 3156 qno
693 3088 830 3155 moverit,
858 3087 917 3142 viri
939 3083 1074 3142 utendum
1095 3092 1137 3140 est
1157 3085 1284 3152 veritati,

47 3179 196 3236 Nostrates
224 3177 263 3254 (o.
279 3175 313 3254 3)
334 3209 373 3220 —
394 3183 479 3236 aetati
500 3183 643 3253 prosimu:
692 3185 849 3256 praecipue
880 3184 905 3238 si
935 3185 990 3238 illa
1020 3190 1088 3238 tune
1116 3183 1172 3236 fuit
1199 3181 1286 3236 aetati

48 3277 128 3332 Hine
148 3279 243 3332 notari
264 3285 373 3348 potest,
397 3277 475 3349 quod
494 3279 643 3350 praedixi·
693 3281 791 3336 nubili
812 3281 962 3353 proxima,
985 3297 1050 3334 cum
1072 3279 1109 3334 ab
1131 3294 1164 3334 eo
1187 3278 1286 3333 tradu-

48 3391 115 3429 mus
136 3375 167 3428 in
188 3374 242 3430 illo
265 3391 343 3446 cap:
374 3375 509 3431 defuneto
537 3393 642 3447 sponso
694 3386 813 3434 seretur.
847 3379 907 3433 Hoe
923 3383 1017 3434 autem
1032 3375 1174 3444 addimus,
1198 3375 1285 3446 qood,

49 3473 100 3525 vel
131 3471 190 3526 alio
220 3467 347 3546 coustr')
378 3480 509 3543 separato
542 3471 578 3528 eb
610 3490 644 3529 ee
694 3477 719 3530 si
748 3477 814 3547 quis
846 3473 973 3546 aliquam
1004 3491 1092 3546 supra
1115 3473 1172 3527 VII
1193 3488 1283 3528 annos

48 3568 272 3625 nullusdeeius
287 3571 535 3644 consanguinitate
550 3571 643 3642 ipsam
694 3572 927 3643 desponsaverit,
960 3587 1013 3626 nee
1043 3571 1097 3626 illa
1125 3586 1190 3625 oum
1218 3585 1284 3624 eon-

47 3667 183 3736 aooipere
207 3673 302 3738 potest
327 3669 358 3722 in
386 3684 521 3736 uxorem,
550 3675 582 3723 ut
602 3685 642 3724 ar.
694 3667 860 3740 sanguineis
895 3670 1010 3738 sponsi,
1046 3683 1099 3723 neo
1133 3667 1185 3722 ille
1219 3682 1283 3722 oum

47 3765 82 3819 O.
104 3763 227 3819 XXVII.
256 3760 345 3836 qu.2
372 3761 643 3840 Siquis(o.14),
694 3765 915 3838 consanguineis
956 3781 1080 3836 sponsus
1118 3765 1284 3820 contrahere

44 3862 251 3932 Despoasotom
272 3858 312 3934 (o.
328 3856 400 3936 27);
423 3879 489 3919 nem
510 3864 645 3935 proxima
693 3870 789 3934 potest
808 3857 1030 3919 matrimonium.

45 3957 198 4030 pubertati
220 3959 304 4030 quasi
329 3958 422 4030 pubes
447 3960 584 4029 habetur,
613 3967 645 4016 ut

46 4056 100 4110 hio
116 4062 145 4110 et
158 4055 235 4112 inira
245 4055 279 4110 st
285 4057 382 4128 psello
396 4053 435 4130 (e.
445 4052 499 4132 11)
513 4065 541 4114 et
555 4074 578 4114 o.
590 4057 643 4114 ult.

504 4213 838 4284 stimma

90 4353 147 4409 Hie
169 4353 384 4412 distinctionem
405 4360 481 4412 nota.
516 4355 571 4425 Qui
592 4373 644 4429 par
733 4359 808 4415 Eoos
829 4356 886 4414 duo
901 4357 1042 4412 decennes
1056 4354 1204 4425 sponsalia
1218 4369 1285 4410 oon-

45 4451 303 4522 desponsatiouem
325 4453 552 4526 coniunguntur,
575 4460 643 4509 tem·
694 4455 825 4523 trahunt,
854 4460 882 4509 et
909 4460 975 4509 ante
998 4452 1129 4507 nubilem
1151 4457 1283 4520 oetatem,

43 4565 120 4624 pore
146 4547 380 4622 desponsationis
402 4557 450 4608 sut
470 4551 555 4608 umbo
577 4558 644 4608 suut
693 4553 719 4607 si
740 4553 813 4608 alter
833 4553 882 4608 vel
903 4558 1022 4624 uterque
1047 4548 1197 4618 dissentit,
1225 4565 1284 4606 nou
