3062 5174
239 255 300 322 310
675 257 872 316 BERNARDI
902 254 1041 316 sortiti

241 440 297 496 diti
318 441 386 511 sint,
408 439 546 510 episcopo
567 437 734 508 specialiter
754 435 929 508 respondere
944 443 1093 508 tenentur3
1116 440 1167 512 qui
1181 410 1249 494 vero
1265 439 1338 494 aliis
1353 439 1487 496 ecclesiis

242 537 354 594 subditi
376 543 457 604 sunt,
480 543 512 591 ut
531 534 713 606 parochiales
734 534 881 605 capellani
901 533 1055 604 plebibus,
1085 536 1144 607 ipsi
1165 535 1295 606 capitulo
1317 535 1425 606 plebis
1444 537 1487 590 de

241 636 312 693 bent
333 631 453 688 reddere
476 633 632 699 rationem3
654 631 779 704 quodsi
800 632 930 701 capitulo
945 631 1041 702 plebis
1055 633 1162 688 inerint
1176 631 1400 700 inobedientes,
1423 639 1487 688 tunc

243 733 357 788 demum
387 736 429 786 est
456 729 494 786 ad
521 729 691 800 episcopum
719 725 932 785 recurrendum.
973 727 1039 799 Ipse
1066 735 1160 784 nutem
1186 729 1436 800 archipresbyter
1455 729 1485 784 sb

246 829 383 900 episcopo
405 827 499 882 estin
520 827 580 882 suis
602 824 767 880 excessibus
789 823 986 897 corrigendus,
1008 832 1036 880 et
1049 825 1115 881 ideo
1130 827 1156 882 ei
1178 827 1352 897 specialiter
1374 841 1486 898 respon-

243 925 339 993 debit,
368 924 502 994 exemplo
524 921 656 988 obbatis,
685 921 724 978 sd
751 937 837 993 quem
864 921 989 992 pertinet
1009 923 1175 993 specialiter
1198 938 1318 978 suornm
1344 925 1483 980 correctio

242 1023 456 1087 monachorum,
479 1021 542 1091 ipse
564 1026 658 1074 autem
680 1026 723 1074 est
744 1018 780 1074 ab
803 1019 939 1090 episcopo
961 1019 1388 1092 corrigendus,ut0.XV11L
1413 1015 1484 1091 qui

242 1120 274 1175 Si
294 1119 355 1192 quis
375 1118 460 1173 obbas
481 1114 520 1190 (c.
537 1111 607 1190 15),
627 1113 747 1171 Abbotes
755 1133 810 1187 pro
824 1117 972 1172 bumilitate
994 1112 1034 1188 (c.
1047 1109 1109 1190 16).
1146 1115 1229 1184 Quod
1250 1125 1355 1174 antem
1380 1117 1484 1172 dictum

244 1224 296 1286 est,
317 1215 454 1272 electioni
474 1214 605 1284 episcopi
623 1229 670 1270 eos
685 1214 822 1268 interesse
838 1212 952 1281 debere,
975 1214 1027 1285 qui
1041 1211 1148 1270 debent
1161 1215 1300 1285 episcopo
1317 1214 1486 1285 specialiter

245 1313 433 1386 respondere,
462 1310 545 1384 srgui
572 1317 668 1382 potest
689 1309 727 1365 ad
747 1311 840 1366 instar
860 1311 1010 1366 electionis
1031 1309 1259 1382 archiepiscopi,
1289 1311 1322 1364 in
1347 1325 1414 1381 qua
1433 1310 1487 1380 epi-

245 1413 336 1482 scopi,
358 1411 409 1482 qui
430 1409 597 1481 specialiter
618 1405 794 1479 respondent
814 1407 1050 1478 archiepiscopo,
1070 1407 1179 1463 debent
1199 1405 1235 1462 de
1255 1407 1322 1462 iure
1346 1408 1487 1462 canonico

243 1512 391 1575 interesse,
413 1513 446 1562 ut
467 1506 512 1560 Di.
528 1505 634 1561 LXIII.
656 1506 867 1576 Metropolitum
888 1502 928 1578 (c.
944 1499 1006 1578 19),
1028 1512 1056 1560 et
1076 1505 1123 1560 Di.
1136 1503 1238 1562 LXVI.
1253 1503 1487 1576 Arcbiepiscopru

244 1603 283 1678 (c.
296 1602 339 1680 1),
363 1613 391 1662 et
404 1603 481 1660 inire
495 1609 566 1658 extr.
582 1604 625 1658 tit.
641 1601 677 1658 de
692 1603 834 1660 electione
847 1602 880 1657 st
894 1602 1111 1674 archiepiscopio
1125 1598 1167 1674 (v.
1180 1598 1227 1674 s).
1258 1602 1290 1656 si
1306 1603 1380 1672 quis
1396 1611 1486 1658 sutem

244 1703 381 1770 obiiciat,
403 1701 521 1756 msioris
542 1700 682 1755 ccclesiae
704 1700 859 1754 canonicos
880 1714 938 1754 non
960 1699 1125 1770 specialiter
1145 1698 1300 1768 episcopo,
1331 1699 1392 1754 sed
1412 1715 1486 1770 pree

242 1803 301 1856 isto
323 1816 375 1856 suo
397 1797 571 1869 respondere
593 1795 708 1864 debere,
730 1796 854 1868 ideoque
875 1796 955 1867 ipsos
978 1796 1096 1852 sbbstet
1118 1795 1154 1850 sb
1175 1796 1230 1852 hac
1252 1796 1406 1852 electione
1426 1814 1485 1853 con-

244 1896 342 1954 tendet
363 1893 497 1963 excludi,
520 1899 602 1950 sonte
621 1891 739 1964 quidem
761 1899 857 1948 movet
873 1889 928 1966 ¹⁰),
950 1893 1110 1949 sedaliam
1131 1907 1223 1948 meam
1239 1886 1297 1964 ¹¹),
1328 1893 1356 1948 si
1380 1895 1483 1965 placet,

241 1995 328 2050 huius
356 1994 424 2050 iacti
452 1992 593 2047 rationem
620 1989 757 2046 attendat.
800 1989 883 2046 Licet
910 1991 987 2046 enim
1017 1989 1170 2060 episcopus
1198 1988 1253 2044 toti
1273 1989 1436 2062 episcopio
1451 1987 1484 2064 ¹¹)

241 2091 440 2164 praeficiatur,
472 2089 629 2160 specialius
661 2095 756 2142 tomen
788 2087 950 2158 episcopali
976 2087 1142 2158 praeficitur
1158 2079 1197 2158 ¹⁸)
1229 2086 1395 2155 ecclesiae,
1429 2095 1483 2142 tun

245 2189 315 2259 quia
335 2185 373 2240 ad
394 2186 456 2240 eius
479 2184 654 2240 vocabulum
674 2184 850 2252 intituletur,
872 2190 904 2240 ut
925 2184 971 2238 Di.
987 2183 1076 2240 xell.
1099 2182 1132 2237 st
1152 2183 1211 2254 quis
1233 2183 1382 2253 episcopus
1404 2179 1444 2255 (c.
1458 2179 1482 2240 4.

243 2281 270 2342 5.
285 2278 304 2341 7
319 2290 346 2338 et
359 2276 411 2354 8),
433 2289 461 2336 et
481 2282 528 2336 Di.
544 2280 661 2336 LXXX.
684 2280 830 2351 Episcopis
851 2276 891 2354 (c.
906 2275 958 2354 3),
980 2288 1040 2336 tum
1061 2281 1162 2346 etism,
1185 2279 1255 2350 quia
1277 2295 1334 2349 res,
1358 2295 1435 2351 quas
1455 2282 1482 2336 in

243 2381 413 2452 episcopatu
433 2377 536 2448 habet,
558 2378 650 2450 ipsius
671 2377 812 2434 ecclesiae
833 2392 895 2432 esse
917 2377 1068 2444 dicuntur,
1090 2383 1122 2434 ut
1144 2377 1173 2432 C.
1188 2375 1268 2432 XVI.
1291 2391 1342 2446 qu.
1360 2372 1380 2434 1
1403 2377 1482 2431 Sturi-

243 2479 304 2532 liter
324 2485 350 2532 ct
370 2477 419 2530 boc
446 2471 484 2546 (c.
501 2467 564 2547 58).
607 2473 682 2528 Hine
713 2475 800 2530 etium
831 2481 889 2544 est,
922 2475 1000 2547 quod
1028 2474 1241 2540 ordinationes,
1273 2476 1481 2544 promotiones,

243 2572 448 2640 alienationes,
476 2570 603 2638 iudicia,
632 2569 669 2625 sb
692 2571 836 2644 episcopis
861 2573 888 2626 si
908 2588 966 2628 non
987 2587 1128 2628 consensu
1149 2571 1358 2626 canonicorum
1381 2573 1480 2640 iactae,

242 2671 343 2726 irritae
365 2675 446 2735 sunt,
469 2672 501 2722 ut
523 2668 568 2722 Di.
583 2666 689 2724 XXIV.
711 2669 866 2739 Episcopus
887 2665 927 2740 (c.
943 2663 986 2743 6),
1009 2677 1036 2726 et
1059 2669 1089 2724 C.
1104 2667 1173 2724 XII.
1195 2661 1275 2738 qu.2
1294 2665 1481 2724 Alienatuucs
1524 2729 1525 2744 ἢ

242 2764 283 2840 (c.
297 2761 361 2841 37),
382 2765 490 2820 Placuit
503 2765 696 2834 etpresbyteri
716 2762 755 2839 (o.
771 2760 835 2838 51),
858 2766 889 2822 C.
905 2765 969 2822 XV.
993 2761 1075 2838 qu.7
1095 2766 1248 2836 Episcopus
1264 2766 1367 2820 oddus
1391 2763 1431 2836 (c.
1441 2761 1479 2838 6),

243 2872 272 2920 et
300 2859 518 2918 DiLXXXVI.
544 2860 577 2916 Si
597 2863 663 2932 quid
682 2879 745 2916 uero
773 2859 812 2936 (c.
829 2857 897 2935 23),
930 2863 989 2918 nisi
1015 2869 1115 2936 posteo
1143 2863 1278 2918 canonici
1308 2863 1479 2918 alienationi
1524 2909 1525 2926 ,

244 2960 439 3027 consentiant,
461 2965 494 3015 ut
513 2959 591 3014 inire
612 2966 683 3014 extr.
706 2959 750 3014 tit.
772 2959 808 3014 de
830 2960 951 3032 capellis
972 2961 1179 3018 monachorum
1200 2959 1266 3014 Ousn
1286 2977 1338 3014 uos
1359 2961 1413 3014 tibi
1432 2963 1479 3014 iou

241 3059 350 3130 pridem
366 3050 415 3130 ¹⁴).

323 3147 386 3224 84.
428 3151 477 3208 Ad
497 3152 578 3220 haec,
601 3167 665 3208 cnm
687 3152 817 3224 religiosi
837 3153 947 3222 clerici,
969 3153 1046 3208 sicut
1065 3151 1247 3224 praedictum
1268 3157 1321 3220 est,
1346 3153 1478 3210 electioni

244 3251 334 3307 futuri
355 3249 503 3321 pontificis
525 3249 651 3304 debcant
671 3250 819 3318 interesse,
841 3257 873 3305 ut
891 3249 937 3304 Di.
950 3249 1054 3308 LXIII.
1079 3251 1243 3304 obeuntibus
1256 3243 1375 3324 (c35),
1399 3267 1477 3322 quse

242 3349 334 3415 ritur,
361 3347 387 3402 si
410 3347 442 3401 in
470 3347 524 3403 illa
545 3346 684 3402 electione
706 3362 724 3401 a
744 3345 892 3402 canonicis
915 3347 1163 3414 discordaverint,
1192 3353 1220 3402 et
1240 3347 1393 3403 canonicis
1415 3365 1477 3402 uua·

240 3445 358 3500 nimiter
386 3442 560 3514 eligentibus
588 3443 636 3498 vel
664 3443 893 3500 contradixerint
919 3445 966 3500 vel
995 3445 1085 3500 elium
1108 3445 1263 3516 elegerint,
1296 3443 1373 3514 quid
1394 3445 1433 3500 sit
1450 3445 1477 3496 iu

244 3540 353 3596 talibus
374 3533 585 3596 iudicandumi
620 3540 711 3596 Plane
731 3539 849 3598 videtur
870 3541 1036 3610 dicendum,
1059 3549 1099 3610 nt,
1122 3543 1191 3614 quin
1208 3541 1344 3596 canonici
1359 3541 1478 3612 primun

244 3653 344 3692 vocem
365 3637 397 3690 in
418 3637 558 3692 electione
579 3635 703 3705 hebent,
726 3653 824 3696 eorum
847 3637 951 3696 debent
972 3639 1116 3695 sententia
1136 3638 1312 3710 praevalere,
1335 3637 1477 3694 adinstar

209 3743 215 3756 '
243 3735 314 3803 eius,
337 3733 417 3804 quod
437 3733 545 3790 dicitur
565 3732 601 3788 de
623 3733 764 3791 electione
783 3735 908 3791 Romani
928 3737 1084 3807 pontilicis,
1107 3743 1139 3791 ut
1153 3734 1316 3794 DiXXIII.
1331 3736 1477 3791 Iunonius
1524 3775 1525 3778 .

244 3832 345 3886 domim
365 3827 404 3901 (c.
420 3826 468 3904 1),
497 3837 525 3887 et
545 3831 679 3902 exemplo
700 3831 798 3900 illins,
826 3832 904 3904 quod
930 3831 1037 3888 dicitur
1059 3831 1095 3888 de
1115 3833 1226 3904 populo
1248 3831 1286 3887 ed
1307 3847 1475 3888 consensum

244 3927 394 3986 electionis
415 3926 555 3996 vocando,
579 3929 666 3998 quisi
688 3929 904 3998 contradixerit,
927 3929 1075 3986 docendus
1094 3931 1157 3998 erit,
1180 3945 1237 3984 non
1252 3929 1429 4002 sequendus,
1450 3937 1477 3986 ut

243 4027 290 4082 Di.
303 4023 407 4080 LXIII.
429 4023 517 4078 Nosse
538 4019 665 4099 (c.12);
686 4027 753 4096 plus
775 4029 853 4082 enim
874 4026 973 4084 obesse
995 4027 1090 4096 debet,
1114 4043 1179 4082 cum
1201 4031 1266 4098 quis
1288 4026 1396 4082 absens
1414 4044 1476 4084 con·

243 4123 390 4190 temnitur,
413 4136 499 4192 quem
521 4122 547 4176 si
567 4137 702 4192 praesens
724 4123 912 4191 contradicat,
934 4130 961 4180 et
983 4126 1114 4198 arguitur
1135 4141 1172 4182 cx
1186 4125 1232 4179 Di.
1245 4123 1351 4182 LXIII.
1377 4125 1475 4182 Obstu-

247 4219 317 4276 tibus
339 4217 376 4292 (c.
391 4213 456 4293 35),
478 4223 507 4274 et
526 4217 573 4273 Di.
589 4218 678 4275 LXV.
700 4218 774 4276 Suus
795 4217 834 4294 (c.
851 4217 895 4294 1).

245 4475 279 4539 ¹⁰)
298 4472 364 4528 Coti.
383 4475 488 4528 notetur.
550 4477 583 4542 ¹¹)
604 4473 669 4530 God.
687 4471 738 4529 aito
755 4495 849 4533 mecum.
906 4479 939 4543 ¹²)
959 4479 1026 4534 cod.
1051 4479 1174 4546 episcopo,
1201 4479 1274 4547 quod
1292 4483 1321 4534 in
1342 4479 1474 4548 episcopatu

245 4550 421 4598 transmutare
445 4545 536 4614 nolui,
563 4547 627 4602 licet
649 4565 711 4601 mox
735 4567 767 4602 eo
792 4554 879 4602 utetur
902 4549 1071 4615 Bernartius,
1100 4553 1135 4602 sit
1157 4549 1301 4616 epicopium
1327 4555 1473 4620 rariusque.

246 4611 280 4676 Ι3)
299 4611 365 4666 cod.
378 4615 537 4684 praefectur
557 4622 585 4670 et
603 4617 751 4684 praefertur.
823 4618 856 4684 ¹⁴)
876 4619 945 4672 0011.
963 4617 1025 4674 Par.
1044 4619 1223 4689 ttt61.c1;
1247 4622 1279 4676 tf·
1298 4636 1323 4678 t·
1336 4620 1363 4676 3.
1382 4621 1431 4680 ΙΠ.
1450 4621 1471 4680 9.
