3098 5184
255 219 382 277 XXVIII
734 220 1006 278 PRAEFATIO

255 398 325 460 artis
351 397 554 479 diplomaticae
576 399 671 462 minus
693 415 760 462 esse
782 400 907 479 peritum
930 406 960 460 et
980 400 1071 462 sciam
1093 405 1123 462 et
1143 396 1299 478 profitear,
1325 398 1431 480 placuit
1453 400 1485 464 in

255 506 351 570 tabula
374 507 473 570 libello
495 509 607 572 adiecta
618 503 791 590 ‘scripturae
805 527 973 590 proponere
989 511 1149 590 specimina
1164 527 1250 589 quam
1264 511 1485 573 accuratissima

253 624 341 696 atque
362 616 516 696 fidissima,
544 618 622 681 unde
645 620 787 700 quisque,
817 619 887 699 quid
916 619 971 681 sibi
996 619 1034 682 dc
1055 618 1196 680 librorum
1218 619 1484 698 manuscriptorum

253 733 352 789 aetate
373 734 460 808 atque
483 727 619 810 qualitate
641 729 775 792 videatur
796 729 998 803 sentiendum,
1020 729 1086 809 ipse
1107 729 1214 808 poterit
1233 727 1374 790 iudicare.

335 837 395 900 Sed
416 857 474 900 nec
494 839 531 900 de
553 840 675 916 ratione,
699 857 786 920 quam
807 839 837 900 in
858 839 1044 902 recensendo
1060 837 1202 902 Bernardi
1223 837 1365 918 opusculo
1384 854 1485 919 eoque

251 947 281 1008 in
302 948 450 1028 integrum
470 949 651 1011 restituendo
672 957 792 1012 secutus
818 951 883 1028 sim,
907 967 959 1011 ero
980 949 1106 1030 longior.
1149 947 1261 1011 Omnes
1283 949 1378 1022 enim,
1407 965 1485 1028 quos

251 1055 393 1120 adbibere
415 1057 485 1120 mibi
506 1058 585 1120 licuit
602 1059 732 1136 codices,
756 1076 816 1122 non
838 1059 952 1122 mendis
974 1059 1092 1140 quidem
1114 1066 1217 1121 carent
1236 1064 1286 1120 aut
1306 1057 1430 1132 lacunis,
1453 1064 1486 1118 et

250 1167 332 1228 verto
355 1167 443 1230 modo
463 1169 493 1229 in
516 1168 640 1250 singulis
663 1169 761 1231 verbis
780 1187 856 1232 unus
877 1169 1024 1250 discrepat
1044 1169 1080 1231 ab
1101 1167 1205 1232 altero.
1249 1169 1386 1230 Attamen
1415 1184 1485 1230 cum

126 1322 130 1329 .
250 1276 280 1336 in
303 1275 384 1339 locis.
399 1277 435 1338 ab
459 1284 580 1340 auctore
601 1279 732 1356 laudatis,
760 1286 819 1340 tum
840 1279 870 1340 in
892 1279 983 1359 ipsius
1004 1279 1144 1340 orationis
1166 1285 1305 1340 contextu
1326 1285 1357 1340 et
1377 1286 1485 1341 tenore

250 1385 372 1448 mirilico
394 1395 481 1468 atque
502 1389 540 1450 ita
563 1389 639 1450 inter
661 1407 695 1450 se
717 1389 907 1464 concordant,
930 1395 969 1464 ut,
992 1407 1069 1468 quae
1091 1389 1165 1450 forte
1188 1389 1218 1450 iu
1238 1387 1303 1450 aliis
1323 1393 1372 1449 aut
1393 1387 1483 1468 plane

250 1495 372 1559 deerant
392 1504 441 1560 aut
463 1497 557 1560 minus
578 1505 659 1561 recta
681 1498 862 1576 videbantur,
885 1497 949 1561 iere
970 1499 1067 1560 omnia
1090 1517 1129 1560 ex
1142 1497 1207 1560 aliis
1220 1499 1377 1560 restituere
1391 1505 1482 1578 atque

249 1606 402 1686 corrigere
417 1614 465 1669 aut
479 1625 593 1670 summa
607 1606 711 1670 fiducia
727 1608 884 1685 valuerim,
909 1615 958 1670 aut
971 1607 1067 1688 aliqua
1081 1627 1130 1670 me
1144 1625 1235 1688 posse
1250 1606 1436 1670 crediderim.

331 1715 393 1789 Oua
425 1718 455 1778 in
483 1719 661 1780 recensione
689 1717 839 1794 locorum,
866 1724 897 1779 ut
919 1717 956 1779 de
978 1717 1062 1779 bisce
1091 1717 1184 1796 primo
1213 1735 1300 1798 agorn
1327 1717 1411 1792 loco,
1442 1716 1481 1778 ab

248 1831 367 1887 auctore
388 1825 570 1890 laudatorum
585 1827 701 1908 singula
716 1827 830 1890 referre
844 1834 902 1890 tam
917 1827 947 1889 in
963 1826 1061 1889 verbis
1076 1845 1163 1908 mam
1178 1827 1208 1889 in
1224 1827 1354 1890 numeris
1370 1825 1480 1889 menda

247 1941 278 1997 et
312 1934 469 1998 lectionum
506 1939 663 2000 varietates
697 1938 883 2013 innumeras,
924 1935 1031 1999 nullius
1065 1938 1165 2018 utique
1200 1937 1288 2012 habui
1327 1938 1479 1999 momenti.

247 2043 303 2107 Pro
325 2063 408 2107 more
436 2047 514 2108 enim
543 2045 621 2108 illius
649 2048 792 2128 temporis
813 2046 980 2109 Bernardus
1008 2047 1102 2108 rartus
1131 2047 1185 2109 sub
1214 2047 1344 2110 numeris
1367 2045 1479 2127 allegat

247 2153 348 2233 locos,
378 2155 433 2218 sed
457 2157 589 2236 ipsorum
610 2154 675 2219 lere
695 2155 803 2236 ubique
825 2156 915 2218 verba
935 2155 1055 2218 initialia
1076 2155 1176 2238 affert3
1203 2156 1278 2220 baec
1299 2174 1371 2219 vero
1392 2163 1478 2218 recte

246 2263 338 2327 relata
353 2266 484 2328 numeris
498 2266 685 2347 corrigendis
700 2267 809 2346 optime
824 2265 1033 2344 inserviebant,
1049 2267 1075 2330 si
1085 2265 1228 2329 mendosa
1238 2273 1268 2328 et
1278 2284 1332 2346 per
1340 2265 1479 2328 librarios

247 2372 420 2454 depravata,
449 2392 488 2436 ex
516 2375 587 2456 ipsis
608 2375 683 2438 locis
710 2376 942 2439 taediosissimae
966 2375 1099 2457 quidem,
1129 2393 1196 2438 cum
1224 2378 1376 2455 utriusque
1403 2375 1478 2438 iuris

245 2481 312 2545 libri
333 2491 435 2547 essent
451 2484 639 2561 revolvendi,
669 2485 723 2548 sed
745 2485 897 2548 facillimas
919 2485 1109 2548 admittebant
1129 2485 1360 2548 emendationes.
1403 2483 1481 2547 llinc

246 2591 353 2655 lactum
378 2602 432 2674 est,
454 2601 486 2658 ut
506 2594 670 2658 istiusmodi
691 2595 835 2658 lectiones
857 2596 953 2658 varias
974 2595 1092 2658 silentio
1113 2596 1239 2660 transire
1252 2593 1405 2658 habuerim
1421 2611 1478 2676 pro

245 2703 365 2784 regula,
390 2723 477 2786 quam
498 2711 678 2788 postponere
699 2722 759 2767 non
781 2705 935 2786 displicuit,
959 2707 1015 2769 nisi
1036 2706 1153 2786 quoties
1175 2706 1270 2768 minus
1291 2711 1373 2768 esset
1393 2711 1477 2767 certa

245 2814 427 2891 emendatio,
458 2823 506 2879 aut
534 2815 609 2878 aliae
630 2815 757 2880 subesse
779 2815 949 2878 viderentur
968 2816 1116 2892 rationes,
1146 2833 1222 2896 quae
1243 2814 1402 2878 suaderent
1422 2833 1476 2876 ex·

246 2924 422 3003 ceptionem.
465 2927 512 2988 An
535 2944 606 2988 verc
627 2925 730 2988 barum
760 2927 843 3006 quasi
867 2925 1065 2988 deviationum
1094 2924 1243 2989 subiciens
1264 2939 1383 3005 semper
1403 2922 1476 2986 mihi

245 3051 332 3096 causa
355 3035 451 3113 fuerit,
472 3037 639 3117 iustumque
660 3037 689 3096 in
711 3034 796 3097 huius
812 3036 933 3116 generis
948 3035 1055 3098 notulis
1069 3036 1213 3098 tenuerim
1230 3034 1358 3114 modum,
1379 3033 1474 3096 bene-

244 3143 311 3206 volo
321 3143 547 3228 relinquendum
557 3147 612 3210 erit
622 3145 765 3208 lectorum
779 3145 897 3224 iudicio,
914 3146 963 3226 qui
974 3163 1030 3208 neo
1041 3147 1199 3227 ignoscere
1211 3143 1396 3218 recusabunt,
1413 3143 1472 3205 sic·

242 3253 292 3316 ubi
303 3255 479 3318 incuriosior
492 3254 596 3318 luerim
611 3255 810 3318 erraverimve
821 3256 850 3318 in
862 3254 995 3320 locorum
1007 3256 1139 3318 numeris
1148 3255 1184 3318 ad
1196 3254 1472 3318 hodiernasutrius-

243 3381 301 3446 que
315 3366 386 3428 iuris
400 3381 556 3446 corporum
570 3365 763 3427 recensiones
778 3365 932 3444 addendis,
948 3373 997 3427 aut
1010 3366 1036 3427 si
1050 3365 1126 3427 sorte
1141 3365 1245 3440 iniuria
1259 3363 1338 3426 bunc
1351 3362 1472 3426 illumve

242 3473 339 3537 locum
361 3475 457 3536 minus
478 3473 515 3536 ad
536 3493 601 3536 rem
622 3473 722 3552 lacere
743 3474 867 3536 dixerim
889 3474 937 3537 vel
958 3475 1065 3537 frustra
1087 3493 1167 3537 ame
1185 3491 1254 3536 esse
1275 3473 1449 3554 quaesitum.

324 3583 389 3646 Alia
411 3600 533 3664 prorsus
554 3590 643 3664 atque
664 3585 693 3646 io
715 3583 790 3647 locis
811 3583 976 3647 referendis
998 3591 1028 3646 et
1048 3581 1246 3646 rectificandis
1269 3585 1314 3646 via
1329 3582 1472 3647 incedere

240 3693 348 3775 placuit
368 3695 398 3756 in
419 3693 510 3774 ipsius
530 3700 628 3758 textus
650 3695 828 3756 recensione
851 3692 1041 3756 efformanda.
1078 3691 1217 3756 codicum
1240 3694 1318 3756 enim
1341 3693 1472 3754 omnium

242 3801 338 3866 nullus
360 3810 408 3866 aut
430 3809 539 3882 aetate,
569 3810 619 3865 aut
646 3803 808 3884 scripturae
833 3803 1001 3884 diligentia,
1031 3810 1080 3866 aut
1100 3802 1259 3866 lectionum
1281 3802 1471 3883 praestantia,

240 3918 290 3974 aut
320 3929 397 3992 quae
422 3911 497 3976 aliae
526 3913 633 3976 criticis
663 3911 777 3976 soleant
804 3921 834 3975 et
860 3913 987 3975 debeant
1015 3929 1084 3976 esse
1112 3911 1288 3994 principatus
1316 3910 1473 3974 deserendi

240 4038 348 4086 causae
370 4029 400 4084 et
418 4023 562 4103 rationes,
591 4024 630 4085 ita
660 4023 768 4086 ceteris
795 4023 1001 4104 praeeminere
1029 4021 1100 4086 mihi
1125 4021 1292 4100 videbatur,
1322 4029 1353 4084 ut
1373 4022 1469 4104 ipsum

239 4133 328 4196 totius
355 4133 540 4198 recensionis
570 4132 654 4214 quasi
679 4131 899 4196 fundamentum
925 4130 1037 4194 babere
1063 4131 1187 4194 licuerit.
1231 4131 1291 4194 Sed
1313 4137 1358 4205 et,
1388 4130 1469 4211 quod
1544 4115 1548 4170 Ᾰ

238 4245 303 4322 ipse
325 4241 458 4321 viderim,
481 4259 583 4304 eorum
605 4257 780 4316 consensus,
802 4241 872 4304 ticet
892 4241 1065 4322 saepissime
1079 4241 1110 4302 ln
1125 4241 1249 4324 singulis
1264 4239 1337 4302 locis
1353 4238 1467 4320 obvius,

237 4357 390 4432 tantopere
413 4351 504 4414 variat
524 4367 577 4432 pro
600 4350 735 4429 diversis,
758 4351 827 4432 quin
848 4367 901 4432 pro
924 4348 1036 4412 eisdem
1058 4367 1191 4414 summae
1212 4351 1352 4432 partibus,
1374 4348 1467 4413 uthis
1541 4407 1548 4422 ,

236 4459 331 4522 illisve
360 4459 441 4522 libris
470 4467 519 4520 aut
545 4477 732 4522 communem
758 4458 906 4522 vindicare
928 4457 1048 4534 fontem,
1076 4465 1126 4521 aut
1152 4459 1275 4524 alterum
1304 4477 1343 4522 ex
1371 4457 1468 4521 altero

237 4567 372 4635 derivare
403 4566 543 4632 audacior
575 4567 645 4634 mibi
676 4569 740 4632 visa
770 4569 808 4633 sit
838 4569 1018 4632 coniectura.
1073 4567 1175 4654 ltaque
1209 4567 1399 4654 approbatum
1432 4569 1469 4632 iri
