3062 5174
482 219 533 273 DE
564 218 826 276 Mauutuonto.
1214 210 1274 276 299

35 399 126 452 modic
141 393 189 470 ⁰¹).
231 398 369 466 Quamvis
391 399 468 453 enirn
488 414 574 469 super
602 393 686 472 [hoo]
715 397 831 453 diversa
850 397 889 452 sit
916 396 1097 468 quorundam
1134 397 1276 451 sententia

36 503 68 550 et
89 495 275 550 ecclesiarum
300 495 479 551 consuetudo
497 495 621 563 diversa,
642 525 682 536 ·-
703 495 821 566 quidam
851 495 927 548 enim
955 491 1127 561 secundam,
1157 493 1276 564 qnidam

36 593 166 660 priorem
188 607 252 647 eum
273 592 380 648 babere
402 592 506 648 debere
526 592 661 647 iudicant
680 623 718 634 -
739 593 843 647 melius
872 599 965 646 tamen
994 597 1052 658 est,
1081 592 1222 656 rationem
1249 597 1277 645 et

34 689 186 745 Romarm
206 689 345 746 ecclesiae
367 689 603 744 consuetudinem
623 690 653 742 in
675 691 731 744 hoc
751 689 877 760 imitari,
901 689 992 758 priori
1015 688 1104 743 videl.
1127 704 1192 743 enm
1212 688 1277 742 red-

38 783 155 852 dendo,
184 786 254 858 qnia
281 787 344 842 eius
372 803 447 842 naor
475 794 537 841 erat
564 793 592 841 et
620 802 654 840 ea
680 786 750 841 viva
774 787 862 840 aliam
884 785 990 840 habere
1011 801 1068 840 non
1088 793 1217 855 poterat,
1245 792 1277 840 nt

39 883 73 936 C.
88 882 208 938 XXVII.
231 899 278 954 qn.
294 878 314 941 2
334 885 377 938 De
398 885 534 954 coniugali
555 880 594 957 (o.
609 877 680 956 50),
703 889 731 938 et
745 884 776 938 B.
792 882 857 938 Lib.
869 878 906 956 ⁸¹)
921 883 1008 938 XIX:
1034 882 1199 953 „Accepisti
1221 881 1275 936 libi

36 979 125 1033 illam
142 981 172 1034 in
186 995 316 1044 uxorem,
339 997 425 1052 quam
446 982 521 1036 alter
540 978 628 1054 sl(bi)
650 979 850 1051 desponsatam
872 981 1027 1049 habuerat3
1049 980 1163 1034 dimitto
1182 979 1274 1046 illam,

38 1077 112 1146 quia
132 1091 288 1148 numquam
303 1078 359 1134 tibi
376 1085 471 1148 potest
491 1079 553 1134 deii
575 1079 721 1150 legitima,
744 1086 771 1134 et
861 1078 917 1133 VII
939 1079 1022 1132 annis
1043 1073 1192 1150 poeniteas
1207 1071 1273 1148 ⁸⁸).“

40 1176 103 1244 Hoc
133 1173 211 1230 idem
242 1177 426 1230 confirmatur
458 1192 493 1232 ox
525 1175 640 1231 decreto
667 1175 831 1244 Alexandri
853 1175 905 1244 Pp.
921 1175 973 1231 III.
1002 1175 1088 1231 misso
1119 1175 1276 1230 senonensi

39 1272 289 1343 Archiepiscopo,
310 1273 389 1344 qnod
410 1273 453 1328 sic
473 1274 594 1344 incipit:
616 1273 693 1327 Sicut
712 1273 837 1328 Romana
853 1268 901 1347 ⁶⁴).

122 1369 275 1436 Quaeritur
291 1370 332 1424 de
354 1385 459 1439 sponsa
481 1368 517 1424 de
537 1371 698 1440 praesenti,
721 1386 757 1424 an
778 1372 865 1426 liceat
887 1371 914 1425 ei
934 1367 1051 1441 ingredi
1072 1369 1276 1426 monasterium

39 1481 149 1535 sponso
177 1467 359 1534 inconsulto,
388 1483 476 1538 snper
505 1483 562 1538 quo
592 1468 691 1538 utique
720 1467 889 1522 decretistae
918 1472 1028 1521 certant
1056 1473 1084 1520 et
1105 1464 1202 1519 adbuc
1222 1464 1276 1518 sub

38 1563 140 1617 iudice
154 1563 258 1618 lis'est.
289 1563 395 1618 Dicunt
411 1565 485 1620 enim
504 1565 646 1635 plerique,
669 1581 731 1618 eam
746 1565 808 1619 sine
824 1565 922 1634 sponsi
943 1563 1063 1619 licentia
1083 1561 1197 1634 ingredi
1219 1577 1276 1616 non

37 1675 143 1730 posse,
170 1660 390 1729 interpretantes
418 1662 562 1730 capitula,
590 1677 665 1732 quae
693 1661 829 1716 videntur
856 1661 1016 1727 contraria,
1045 1660 1079 1714 do
1108 1673 1214 1729 sponsa
1242 1658 1277 1714 de

39 1758 156 1823 futuro,
185 1764 217 1811 ut
238 1757 269 1813 O.
283 1757 405 1812 XXVII.
428 1773 474 1828 qu.
491 1752 510 1814 2
530 1759 728 1828 Desponsatam
753 1755 791 1831 (e.
808 1752 877 1824 27),
905 1758 1023 1812 Decreta
1044 1753 1082 1827 (c.
1099 1750 1169 1828 28);
1197 1755 1276 1826 quod

38 1854 156 1923 duplici
183 1855 295 1910 ratione
321 1863 467 1922 asserunt,
496 1863 555 1908 tum
584 1856 670 1925 quia,
699 1872 764 1909 cum
792 1868 914 1924 sponsus
942 1862 969 1908 et
996 1869 1102 1924 sponsa
1126 1853 1163 1906 sit
1184 1853 1230 1906 vir
1251 1861 1278 1908 et

40 1966 131 2016 uxor,
160 1966 217 2006 non
235 1959 329 2021 potest
355 1968 461 2022 sponsa
482 1951 627 2006 dimittere
648 1967 795 2022 sponsum,
818 1959 938 2020 excepta
959 1967 1045 2006 eausa
1066 1951 1275 2018 fornicationis,

38 2049 100 2102 nisi
123 2049 194 2102 forte
216 2063 252 2102 ex
273 2063 415 2104 consensu
443 2049 609 2117 amborum,
638 2058 670 2104 nt
692 2051 722 2103 C.
737 2049 858 2102 XXVII.
883 2065 929 2118 qn.
947 2043 966 2104 2
987 2048 1019 2102 st
1040 2049 1099 2119 qnia
1120 2049 1278 2118 coniugatus

38 2145 81 2215 (c.
91 2139 161 2215 22),
184 2147 356 2216 tumetium,
378 2147 448 2216 quia
462 2146 498 2200 ab
513 2147 578 2214 ipsa
599 2146 820 2216 desponsatione
841 2155 963 2213 tenetur,
985 2153 1017 2200 ut
1038 2145 1149 2212 dicunt,
1171 2161 1277 2216 sponso

38 2242 172 2296 debitum
202 2241 337 2311 reddere,
367 2253 395 2298 et
421 2244 463 2297 ita
490 2243 554 2296 sine
579 2244 640 2297 eius
663 2259 803 2298 consensu
825 2245 972 2298 continere
994 2259 1051 2298 non
1072 2243 1159 2296 valet.
1202 2243 1279 2296 llaec

36 2339 182 2394 sententia
204 2339 387 2394 rationabilis
408 2340 524 2395 videtur
545 2341 691 2412 magisque
713 2340 815 2395 nititur
836 2341 1002 2396 auctoritati
1017 2339 1175 2394 doctorum.
1204 2339 1279 2405 Quia

37 2453 108 2492 vero
130 2436 166 2490 ab
188 2437 242 2490 hac
256 2437 397 2492 sententia
412 2437 608 2492 ecclesiastica
622 2437 799 2492 consuetudo
815 2437 975 2504 discordat,
998 2443 1128 2490 asserunt
1142 2437 1277 2491 nonnulli

36 2535 171 2588 doctores
193 2535 315 2606 egregii,
338 2531 400 2590 sine
421 2537 519 2604 sponsi
541 2535 661 2588 licentia
681 2534 796 2606 ingredi
816 2549 917 2604 posse,
947 2551 1027 2588 suam
1049 2533 1220 2588 sententiam
1242 2549 1279 2587 ex

36 2633 102 2685 illis
125 2629 239 2686 dnobus
261 2647 324 2701 cap.
346 2633 545 2702 Desponsatam
567 2628 606 2702 (o.
622 2624 691 2703 27),
715 2631 833 2685 Decreta
854 2627 894 2703 (e.
909 2625 963 2703 28)
987 2631 1198 2685 confirmantes.

123 2728 151 2781 Si
174 2743 310 2798 quaeras,
339 2729 456 2798 quando
478 2729 615 2798 competit
635 2729 680 2782 ins
702 2728 838 2798 exigendi
860 2727 989 2784 debitum
1011 2735 1039 2782 et
1059 2727 1136 2782 unde
1158 2728 1277 2794 oriatur,

38 2841 87 2878 me
108 2824 227 2878 memini
249 2841 265 2878 a
286 2827 422 2897 magistro
444 2823 580 2899 Io(anne)
603 2825 727 2892 audisse,
749 2827 844 2894 ipsum
860 2839 896 2879 ex
916 2827 1011 2895 primo
1033 2825 1110 2881 coitu
1132 2824 1278 2896 coniugali

36 2922 113 2976 oriri
134 2927 163 2974 et
182 2928 288 2976 extunc
309 2930 489 2992 competere,
511 2921 561 2976 sed
582 2921 739 2977 secundum
760 2923 816 2976 hoc
838 2921 962 2991 videtur,
985 2924 1073 2992 quod,
1095 2923 1121 2976 ai
1142 2936 1215 2976 uxor
1236 2921 1278 2974 vi*

38 3035 106 3071 rum
123 3017 169 3071 vel
184 3033 199 3072 e
214 3033 352 3074 converso
367 3035 478 3088 semper
493 3037 510 3073 a
528 3021 622 3088 primo
644 3020 723 3073 coitu
744 3019 895 3090 prohibet,
918 3009 1075 3090 numquam
1097 3021 1124 3073 ei
1147 3018 1278 3072 debitum

36 3113 162 3169 reddere
186 3121 337 3170 teneretur.
379 3117 443 3170 Alii
471 3132 538 3172 vero
566 3117 685 3181 dicunt,
713 3117 768 3170 hoo
788 3118 834 3171 ius
856 3118 925 3171 oriri
947 3117 1042 3171 statim
1065 3133 1101 3170 ex
1123 3114 1279 3184 desponsa-

38 3213 138 3278 tione,
166 3211 216 3266 sed
244 3227 301 3266 non
331 3214 428 3266 statim
457 3221 633 3283 competere,
664 3213 714 3267 sed
736 3231 753 3266 a
774 3221 901 3282 tempore
923 3213 1130 3278 traductionis,
1160 3213 1234 3265 sicut
1254 3212 1279 3265 si

38 3307 199 3376 stipulatus
215 3325 244 3362 es
262 3326 279 3362 a
300 3325 344 3364 me
365 3310 394 3364 X
414 3325 504 3380 usque
527 3311 564 3364 ad
584 3327 718 3376 mensem,
741 3311 836 3364 statim
852 3311 943 3364 oritur
957 3310 1027 3364 certi
1042 3309 1203 3375 condictio,
1227 3309 1280 3362 sed

37 3421 101 3459 non
124 3407 219 3460 statim
241 3409 379 3476 competit
399 3423 462 3462 oum
484 3407 594 3460 effectu.
636 3407 860 3462 Rationabiliter
882 3413 976 3460 tamen
999 3406 1059 3460 dici
1086 3412 1196 3476 posset,
1225 3406 1280 3460 hoo
1372 3434 1377 3444 ι

39 3505 90 3556 ius
120 3502 192 3556 oriri
219 3519 255 3556 ex
283 3503 522 3573 desponsatione,
558 3503 608 3558 sed
633 3520 691 3558 non
719 3505 830 3571 statim,
859 3503 909 3558 sed
937 3512 1064 3573 tempore
1093 3503 1280 3558 sacerdotalis

41 3597 260 3654 benedictionis
281 3600 313 3653 in
335 3600 514 3672 virginibus,
543 3600 573 3653 ln
595 3600 692 3654 viduis
721 3609 848 3670 tempore
875 3600 1085 3666 traductionis,
1113 3599 1166 3654 ubi
1186 3607 1279 3654 autern

38 3697 98 3749 irae
121 3696 328 3751 sollemnitates
344 3696 457 3767 desunt,
477 3703 544 3767 post
558 3697 683 3767 primum
699 3699 805 3753 coitum
825 3699 1016 3768 coniugalem.
1047 3697 1200 3766 Oportebit
1214 3713 1281 3768 ergo

39 3791 203 3847 secundnm
219 3795 272 3848 hoc
287 3793 392 3862 dicere,
414 3802 480 3864 post
497 3794 730 3850 benedictionem
752 3793 959 3850 sacerdotalem
981 3809 1115 3864 sponsam
1137 3795 1280 3864 virginem

38 3892 107 3943 sine
129 3890 227 3960 sponsi
249 3889 367 3944 licentia
387 3893 517 3948 converti
538 3907 595 3947 non
622 3908 720 3962 posse,
749 3900 814 3947 ante
841 3908 909 3947 vero
938 3907 1038 3962 posse3
1068 3890 1193 3962 quodsi
1214 3897 1281 3946 ante

37 3987 175 4057 ingressa
194 3987 297 4055 luerit,
318 4003 441 4058 sponsus
462 3990 569 4059 poterit
590 3991 677 4046 aliam
698 3989 838 4059 accipere.
875 3989 1006 4060 Magistri
1022 3995 1116 4044 tamen
1131 3984 1280 4061 Io(annis)

40 4082 218 4138 sententiam
239 4083 313 4138 milri
333 4086 426 4156 magis
445 4087 562 4156 placere
582 4089 681 4143 tateor.

222 4263 326 4271 -ο-

37 4379 63 4416 e.
81 4359 104 4414 1.
126 4357 220 4429 comp.
235 4357 256 4414 1.
275 4360 309 4414 de
328 4375 429 4427 sponsa
447 4361 568 4414 ducrum.
633 4359 669 4422 θ’)
688 4359 754 4414 cod,
774 4369 797 4411 et
813 4361 895 4414 habet
915 4376 964 4427 pro
983 4359 1023 4410 tri.
1090 4357 1125 4422 ⁶³)
1143 4357 1200 4412 Ista
1218 4364 1283 4412 sunt

36 4431 126 4483 verba
143 4445 167 4482 c·
180 4429 206 4486 2.
226 4428 319 4497 Comp.
336 4429 359 4483 Ι.
378 4433 416 4483 tit.
435 4433 494 4496 cit,
518 4433 562 4483 cui
586 4432 724 4500 inscriptio
743 4436 799 4484 est:
823 4429 858 4482 B.
879 4429 918 4482 ttt.
932 4427 1028 4490 XlX.;
1052 4429 1080 4481 in
1106 4431 1167 4496 ipso
1191 4435 1280 4482 autern

36 4498 194 4552 Burehardi
220 4499 326 4552 decreto
354 4515 386 4552 aa
411 4501 509 4552 frustra
538 4502 668 4565 quaesivi.
739 4498 775 4562 ⁶⁴)
793 4497 833 4552 Cf.
859 4517 881 4552 c.
899 4499 925 4554 5.
951 4498 1060 4565 (Porro)
1084 4497 1180 4563 Gomp·
1199 4498 1220 4550 I.
1247 4497 1281 4550 de

35 4585 144 4638 sponsa
163 4567 291 4638 duorum,
310 4571 381 4637 App.
407 4568 490 4624 Oeno.
514 4567 572 4622 Lat.
596 4569 626 4624 P.
647 4568 693 4622 VI.
724 4587 747 4624 e.
767 4569 799 4626 17
829 4576 855 4622 et
877 4567 945 4623 0011.
971 4567 1047 4624 Gaas.
1072 4569 1110 4622 tit.
1128 4567 1170 4626 58.
1195 4584 1217 4623 o.
1237 4567 1280 4626 20.
