<?xml version="1.0" encoding="UTF-8"?>
<!DOCTYPE html PUBLIC "-//W3C//DTD XHTML 1.0 Transitional//EN"
    "http://www.w3.org/TR/xhtml1/DTD/xhtml1-transitional.dtd">
<html xmlns="http://www.w3.org/1999/xhtml" xml:lang="en" lang="en">
 <head>
  <title>
</title>
<meta http-equiv="Content-Type" content="text/html;charset=utf-8" />
  <meta name='ocr-system' content='tesseract 3.04.00' />
  <meta name='ocr-capabilities' content='ocr_page ocr_carea ocr_par ocr_line ocrx_word'/>
</head>
<body>
  <div class='ocr_page' id='page_1' title='image "./summadecretaliu00laspgoog_0056.png"; bbox 0 0 3098 5184; ppageno 0'>
   <div class='ocr_carea' id='block_1_1' title="bbox 560 0 1520 5">
    <p class='ocr_par' dir='ltr' id='par_1_1' title="bbox 560 0 1520 5">
     <span class='ocr_line' id='line_1_1' title="bbox 560 0 1520 5; baseline 0 0"><span class='ocrx_word' id='word_1_1' title='bbox 560 0 1520 5; x_wconf 95' lang='lat' dir='ltr'><strong> </strong></span> 
     </span>
    </p>
   </div>
   <div class='ocr_carea' id='block_1_2' title="bbox 561 255 1295 322">
    <p class='ocr_par' dir='ltr' id='par_1_2' title="bbox 561 255 1295 322">
     <span class='ocr_line' id='line_1_2' title="bbox 561 255 1295 322; baseline 0.005 -6"><span class='ocrx_word' id='word_1_2' title='bbox 561 255 796 319; x_wconf 70' lang='lat' dir='ltr'><strong>EDITORibt</strong></span> <span class='ocrx_word' id='word_1_3' title='bbox 1255 259 1295 322; x_wconf 85' lang='lat' dir='ltr'><strong>LI</strong></span> 
     </span>
    </p>
   </div>
   <div class='ocr_carea' id='block_1_3' title="bbox 63 435 1381 3706">
    <p class='ocr_par' dir='ltr' id='par_1_3' title="bbox 68 435 1381 1288">
     <span class='ocr_line' id='line_1_3' title="bbox 75 435 1293 519; baseline 0.002 -19"><span class='ocrx_word' id='word_1_4' title='bbox 75 436 159 500; x_wconf 88' lang='lat' dir='ltr'><strong>dicam</strong></span> <span class='ocrx_word' id='word_1_5' title='bbox 180 437 286 502; x_wconf 90' lang='lat' dir='ltr'><strong>summi</strong></span> <span class='ocrx_word' id='word_1_6' title='bbox 307 435 512 500; x_wconf 84' lang='lat' dir='ltr'><strong>decretulistre</strong></span> <span class='ocrx_word' id='word_1_7' title='bbox 532 437 639 518; x_wconf 88' lang='lat' dir='ltr'><strong>scripta</strong></span> <span class='ocrx_word' id='word_1_8' title='bbox 661 437 759 500; x_wconf 85' lang='lat' dir='ltr'><strong>omnia</strong></span> <span class='ocrx_word' id='word_1_9' title='bbox 778 435 925 518; x_wconf 85' lang='lat' dir='ltr'><strong>obtegere</strong></span> <span class='ocrx_word' id='word_1_10' title='bbox 940 453 979 500; x_wconf 87' lang='lat' dir='ltr'><strong>cx</strong></span> <span class='ocrx_word' id='word_1_11' title='bbox 992 435 1051 500; x_wconf 89' lang='lat' dir='ltr'><strong>luto</strong></span> <span class='ocrx_word' id='word_1_12' title='bbox 1065 436 1207 519; x_wconf 70' lang='lat' dir='ltr'><strong>signum</strong></span> <span class='ocrx_word' id='word_1_13' title='bbox 1221 455 1293 502; x_wconf 83' lang='lat' dir='ltr'><strong>con·</strong></span> 
     </span>
     <span class='ocr_line' id='line_1_4' title="bbox 74 545 1294 632; baseline 0.002 -22"><span class='ocrx_word' id='word_1_14' title='bbox 74 547 145 630; x_wconf 86' lang='lat' dir='ltr'><strong>tigit,</strong></span> <span class='ocrx_word' id='word_1_15' title='bbox 171 546 250 609; x_wconf 91' lang='lat' dir='ltr'><strong>buno</strong></span> <span class='ocrx_word' id='word_1_16' title='bbox 278 563 397 628; x_wconf 80' lang='lat' dir='ltr'><strong>guoque</strong></span> <span class='ocrx_word' id='word_1_17' title='bbox 426 545 556 610; x_wconf 91' lang='lat' dir='ltr'><strong>libellum</strong></span> <span class='ocrx_word' id='word_1_18' title='bbox 585 546 702 628; x_wconf 87' lang='lat' dir='ltr'><strong>eripere</strong></span> <span class='ocrx_word' id='word_1_19' title='bbox 730 547 971 628; x_wconf 73' lang='lat' dir='ltr'><strong>supersederem.</strong></span> <span class='ocrx_word' id='word_1_20' title='bbox 1014 547 1146 630; x_wconf 77' lang='lat' dir='ltr'><strong>Longior</strong></span> <span class='ocrx_word' id='word_1_21' title='bbox 1173 549 1294 632; x_wconf 70' lang='lat' dir='ltr'><strong>modern</strong></span> 
     </span>
     <span class='ocr_line' id='line_1_5' title="bbox 73 655 1381 738; baseline 0.002 -18"><span class='ocrx_word' id='word_1_22' title='bbox 73 666 140 735; x_wconf 88' lang='lat' dir='ltr'><strong>erat,</strong></span> <span class='ocrx_word' id='word_1_23' title='bbox 163 675 250 737; x_wconf 82' lang='lat' dir='ltr'><strong>quum</strong></span> <span class='ocrx_word' id='word_1_24' title='bbox 270 663 302 718; x_wconf 88' lang='lat' dir='ltr'><strong>ut</strong></span> <span class='ocrx_word' id='word_1_25' title='bbox 323 657 431 738; x_wconf 79' lang='lat' dir='ltr'>integri</span> <span class='ocrx_word' id='word_1_26' title='bbox 453 655 569 735; x_wconf 91' lang='lat' dir='ltr'><strong>edendi,</strong></span> <span class='ocrx_word' id='word_1_27' title='bbox 595 674 655 718; x_wconf 94' lang='lat' dir='ltr'><strong>non</strong></span> <span class='ocrx_word' id='word_1_28' title='bbox 677 655 743 721; x_wconf 90' lang='lat' dir='ltr'><strong>dico</strong></span> <span class='ocrx_word' id='word_1_29' title='bbox 767 663 874 735; x_wconf 87' lang='lat' dir='ltr'><strong>votum,</strong></span> <span class='ocrx_word' id='word_1_30' title='bbox 897 657 952 721; x_wconf 88' lang='lat' dir='ltr'><strong>sed</strong></span> <span class='ocrx_word' id='word_1_31' title='bbox 974 657 1127 722; x_wconf 90' lang='lat' dir='ltr'><strong>consilium</strong></span> <span class='ocrx_word' id='word_1_32' title='bbox 1149 658 1220 723; x_wconf 87' lang='lat' dir='ltr'><strong>mibi</strong></span> <span class='ocrx_word' id='word_1_33' title='bbox 1240 677 1294 723; x_wconf 54' lang='lat' dir='ltr'><strong>ro*</strong></span> <span class='ocrx_word' id='word_1_34' title='bbox 1376 665 1381 676; x_wconf 91' lang='lat'>&#39;</span> 
     </span>
     <span class='ocr_line' id='line_1_6' title="bbox 72 765 1296 850; baseline 0.002 -21"><span class='ocrx_word' id='word_1_35' title='bbox 72 768 128 830; x_wconf 86' lang='lat' dir='ltr'><strong>nire</strong></span> <span class='ocrx_word' id='word_1_36' title='bbox 147 767 309 848; x_wconf 81' lang='lat' dir='ltr'><strong>potuisset3</strong></span> <span class='ocrx_word' id='word_1_37' title='bbox 341 773 402 829; x_wconf 88' lang='lat' dir='ltr'><strong>tres</strong></span> <span class='ocrx_word' id='word_1_38' title='bbox 423 783 496 848; x_wconf 68' lang='lat' dir='ltr'><strong>nego</strong></span> <span class='ocrx_word' id='word_1_39' title='bbox 518 767 633 847; x_wconf 86' lang='lat' dir='ltr'><strong>priores</strong></span> <span class='ocrx_word' id='word_1_40' title='bbox 663 765 748 847; x_wconf 89' lang='lat' dir='ltr'><strong>primi</strong></span> <span class='ocrx_word' id='word_1_41' title='bbox 776 767 842 829; x_wconf 83' lang='lat' dir='ltr'><strong>libri</strong></span> <span class='ocrx_word' id='word_1_42' title='bbox 870 767 969 832; x_wconf 87' lang='lat' dir='ltr'><strong>titulus</strong></span> <span class='ocrx_word' id='word_1_43' title='bbox 997 775 1086 850; x_wconf 80' lang='lat' dir='ltr'><strong>otone</strong></span> <span class='ocrx_word' id='word_1_44' title='bbox 1114 767 1224 832; x_wconf 88' lang='lat' dir='ltr'><strong>ceteris</strong></span> <span class='ocrx_word' id='word_1_45' title='bbox 1253 781 1296 834; x_wconf 81' lang='lat' dir='ltr'><strong>eat</strong></span> 
     </span>
     <span class='ocr_line' id='line_1_7' title="bbox 70 875 1292 960; baseline 0.004 -23"><span class='ocrx_word' id='word_1_46' title='bbox 70 876 142 938; x_wconf 92' lang='lat' dir='ltr'><strong>libris</strong></span> <span class='ocrx_word' id='word_1_47' title='bbox 163 875 298 958; x_wconf 86' lang='lat' dir='ltr'><strong>singulos</strong></span> <span class='ocrx_word' id='word_1_48' title='bbox 320 894 372 958; x_wconf 86' lang='lat' dir='ltr'><strong>pro</strong></span> <span class='ocrx_word' id='word_1_49' title='bbox 393 875 484 938; x_wconf 92' lang='lat' dir='ltr'><strong>lubito</strong></span> <span class='ocrx_word' id='word_1_50' title='bbox 505 875 635 940; x_wconf 89' lang='lat' dir='ltr'><strong>selectos</strong></span> <span class='ocrx_word' id='word_1_51' title='bbox 657 877 686 938; x_wconf 91' lang='lat' dir='ltr'><strong>in</strong></span> <span class='ocrx_word' id='word_1_52' title='bbox 707 875 804 940; x_wconf 90' lang='lat' dir='ltr'><strong>lucem</strong></span> <span class='ocrx_word' id='word_1_53' title='bbox 825 876 960 958; x_wconf 87' lang='lat' dir='ltr'><strong>proferre</strong></span> <span class='ocrx_word' id='word_1_54' title='bbox 980 879 1115 960; x_wconf 86' lang='lat' dir='ltr'><strong>integros</strong></span> <span class='ocrx_word' id='word_1_55' title='bbox 1129 877 1207 942; x_wconf 86' lang='lat' dir='ltr'><strong>houd</strong></span> <span class='ocrx_word' id='word_1_56' title='bbox 1220 878 1292 942; x_wconf 80' lang='lat' dir='ltr'><strong>luae-</strong></span> 
     </span>
     <span class='ocr_line' id='line_1_8' title="bbox 68 985 1293 1068; baseline 0.002 -19"><span class='ocrx_word' id='word_1_57' title='bbox 68 987 153 1066; x_wconf 84' lang='lat' dir='ltr'><strong>sitavl‚</strong></span> <span class='ocrx_word' id='word_1_58' title='bbox 173 995 204 1049; x_wconf 91' lang='lat' dir='ltr'><strong>ut</strong></span> <span class='ocrx_word' id='word_1_59' title='bbox 226 1003 304 1068; x_wconf 80' lang='lat' dir='ltr'><strong>pune</strong></span> <span class='ocrx_word' id='word_1_60' title='bbox 325 987 485 1067; x_wconf 88' lang='lat' dir='ltr'><strong>primorum</strong></span> <span class='ocrx_word' id='word_1_61' title='bbox 511 985 737 1065; x_wconf 81' lang='lat' dir='ltr'><strong>modionumque</strong></span> <span class='ocrx_word' id='word_1_62' title='bbox 758 985 901 1050; x_wconf 87' lang='lat' dir='ltr'><strong>Bernardi</strong></span> <span class='ocrx_word' id='word_1_63' title='bbox 922 987 960 1050; x_wconf 89' lang='lat' dir='ltr'><strong>de</strong></span> <span class='ocrx_word' id='word_1_64' title='bbox 983 989 1126 1050; x_wconf 89' lang='lat' dir='ltr'><strong>canonico</strong></span> <span class='ocrx_word' id='word_1_65' title='bbox 1146 989 1212 1051; x_wconf 90' lang='lat' dir='ltr'><strong>iure</strong></span> <span class='ocrx_word' id='word_1_66' title='bbox 1233 995 1293 1052; x_wconf 80' lang='lat' dir='ltr'><strong>ou-</strong></span> 
     </span>
     <span class='ocr_line' id='line_1_9' title="bbox 69 1095 1293 1178; baseline 0.003 -20"><span class='ocrx_word' id='word_1_67' title='bbox 69 1096 172 1158; x_wconf 86' lang='lat' dir='ltr'><strong>diomm</strong></span> <span class='ocrx_word' id='word_1_68' title='bbox 194 1105 225 1159; x_wconf 90' lang='lat' dir='ltr'><strong>et</strong></span> <span class='ocrx_word' id='word_1_69' title='bbox 240 1096 372 1160; x_wconf 89' lang='lat' dir='ltr'><strong>laborum</strong></span> <span class='ocrx_word' id='word_1_70' title='bbox 389 1096 587 1178; x_wconf 82' lang='lat' dir='ltr'><strong>plenissimam</strong></span> <span class='ocrx_word' id='word_1_71' title='bbox 608 1095 748 1160; x_wconf 88' lang='lat' dir='ltr'><strong>redderet</strong></span> <span class='ocrx_word' id='word_1_72' title='bbox 762 1097 921 1178; x_wconf 86' lang='lat' dir='ltr'><strong>rationem,</strong></span> <span class='ocrx_word' id='word_1_73' title='bbox 944 1095 1293 1162; x_wconf 83' lang='lat' dir='ltr'><strong>novissimorum-saltem</strong></span> 
     </span>
     <span class='ocr_line' id='line_1_10' title="bbox 68 1205 672 1288; baseline -0.005 -18"><span class='ocrx_word' id='word_1_74' title='bbox 68 1208 209 1288; x_wconf 78' lang='lat' dir='ltr'><strong>specimen</strong></span> <span class='ocrx_word' id='word_1_75' title='bbox 229 1205 387 1270; x_wconf 72' lang='lat' dir='ltr'><strong>exbiberet</strong></span> <span class='ocrx_word' id='word_1_76' title='bbox 413 1205 502 1270; x_wconf 86' lang='lat' dir='ltr'><strong>editio</strong></span> <span class='ocrx_word' id='word_1_77' title='bbox 524 1207 672 1286; x_wconf 88' lang='lat' dir='ltr'><strong>princeps.</strong></span> 
     </span>
    </p>

    <p class='ocr_par' dir='ltr' id='par_1_4' title="bbox 64 1315 1323 2605">
     <span class='ocr_line' id='line_1_11' title="bbox 141 1315 1288 1399; baseline 0.003 -20"><span class='ocrx_word' id='word_1_78' title='bbox 141 1317 329 1380; x_wconf 78' lang='lat' dir='ltr'><strong>bernardinis</strong></span> <span class='ocrx_word' id='word_1_79' title='bbox 351 1334 405 1380; x_wconf 90' lang='lat' dir='ltr'><strong>eos</strong></span> <span class='ocrx_word' id='word_1_80' title='bbox 428 1335 466 1379; x_wconf 87' lang='lat' dir='ltr'><strong>ex</strong></span> <span class='ocrx_word' id='word_1_81' title='bbox 487 1315 659 1379; x_wconf 90' lang='lat' dir='ltr'><strong>llonacensi</strong></span> <span class='ocrx_word' id='word_1_82' title='bbox 680 1315 784 1380; x_wconf 88' lang='lat' dir='ltr'><strong>codice</strong></span> <span class='ocrx_word' id='word_1_83' title='bbox 807 1335 956 1399; x_wconf 89' lang='lat' dir='ltr'><strong>apponere</strong></span> <span class='ocrx_word' id='word_1_84' title='bbox 978 1317 1169 1382; x_wconf 73' lang='lat' dir='ltr'><strong>decretalium</strong></span> <span class='ocrx_word' id='word_1_85' title='bbox 1192 1333 1288 1398; x_wconf 89' lang='lat' dir='ltr'><strong>casus,</strong></span> 
     </span>
     <span class='ocr_line' id='line_1_12' title="bbox 68 1425 1290 1508; baseline 0.002 -21"><span class='ocrx_word' id='word_1_86' title='bbox 68 1443 133 1508; x_wconf 84' lang='lat' dir='ltr'><strong>quos</strong></span> <span class='ocrx_word' id='word_1_87' title='bbox 152 1425 274 1494; x_wconf 82' lang='lat' dir='ltr'><strong>ltlcutdl</strong></span> <span class='ocrx_word' id='word_1_88' title='bbox 301 1443 371 1490; x_wconf 86' lang='lat' dir='ltr'><strong>esso</strong></span> <span class='ocrx_word' id='word_1_89' title='bbox 390 1428 456 1508; x_wconf 86' lang='lat' dir='ltr'><strong>lpse</strong></span> <span class='ocrx_word' id='word_1_90' title='bbox 477 1425 645 1490; x_wconf 87' lang='lat' dir='ltr'><strong>Bornurdus</strong></span> <span class='ocrx_word' id='word_1_91' title='bbox 668 1434 714 1490; x_wconf 91' lang='lat' dir='ltr'><strong>est</strong></span> <span class='ocrx_word' id='word_1_92' title='bbox 733 1427 817 1492; x_wconf 84' lang='lat' dir='ltr'><strong>tertis</strong></span> <span class='ocrx_word' id='word_1_93' title='bbox 831 1425 890 1506; x_wconf 80' lang='lat'><strong>⁹⁹),</strong></span> <span class='ocrx_word' id='word_1_94' title='bbox 919 1434 981 1490; x_wconf 87' lang='lat' dir='ltr'><strong>ton</strong></span> <span class='ocrx_word' id='word_1_95' title='bbox 1009 1445 1075 1491; x_wconf 87' lang='lat' dir='ltr'><strong>cam</strong></span> <span class='ocrx_word' id='word_1_96' title='bbox 1104 1427 1143 1490; x_wconf 91' lang='lat' dir='ltr'><strong>ob</strong></span> <span class='ocrx_word' id='word_1_97' title='bbox 1171 1445 1290 1492; x_wconf 82' lang='lat' dir='ltr'><strong>causum</strong></span> 
     </span>
     <span class='ocr_line' id='line_1_13' title="bbox 65 1535 1290 1620; baseline 0.004 -23"><span class='ocrx_word' id='word_1_98' title='bbox 65 1535 170 1616; x_wconf 85' lang='lat' dir='ltr'><strong>placuit,</strong></span> <span class='ocrx_word' id='word_1_99' title='bbox 193 1536 274 1618; x_wconf 86' lang='lat' dir='ltr'><strong>quod</strong></span> <span class='ocrx_word' id='word_1_100' title='bbox 295 1535 382 1600; x_wconf 91' lang='lat' dir='ltr'><strong>buius</strong></span> <span class='ocrx_word' id='word_1_101' title='bbox 403 1537 593 1616; x_wconf 83' lang='lat' dir='ltr'><strong>canonistas,</strong></span> <span class='ocrx_word' id='word_1_102' title='bbox 625 1537 655 1599; x_wconf 93' lang='lat' dir='ltr'><strong>ni</strong></span> <span class='ocrx_word' id='word_1_103' title='bbox 678 1535 754 1600; x_wconf 91' lang='lat' dir='ltr'><strong>lorto</strong></span> <span class='ocrx_word' id='word_1_104' title='bbox 776 1537 854 1600; x_wconf 89' lang='lat' dir='ltr'><strong>idem</strong></span> <span class='ocrx_word' id='word_1_105' title='bbox 876 1535 978 1617; x_wconf 90' lang='lat' dir='ltr'><strong>luerit,</strong></span> <span class='ocrx_word' id='word_1_106' title='bbox 1008 1546 1097 1620; x_wconf 86' lang='lat' dir='ltr'><strong>atque</strong></span> <span class='ocrx_word' id='word_1_107' title='bbox 1117 1539 1230 1620; x_wconf 87' lang='lat' dir='ltr'><strong>primae</strong></span> <span class='ocrx_word' id='word_1_108' title='bbox 1251 1537 1290 1602; x_wconf 88' lang='lat' dir='ltr'><strong>do</strong></span> 
     </span>
     <span class='ocr_line' id='line_1_14' title="bbox 66 1647 1289 1730; baseline 0.002 -22"><span class='ocrx_word' id='word_1_109' title='bbox 66 1647 157 1709; x_wconf 89' lang='lat' dir='ltr'><strong>ordine</strong></span> <span class='ocrx_word' id='word_1_110' title='bbox 178 1647 333 1709; x_wconf 90' lang='lat' dir='ltr'><strong>iudiciario</strong></span> <span class='ocrx_word' id='word_1_111' title='bbox 355 1663 488 1710; x_wconf 87' lang='lat' dir='ltr'><strong>summuo</strong></span> <span class='ocrx_word' id='word_1_112' title='bbox 504 1654 606 1709; x_wconf 90' lang='lat' dir='ltr'><strong>auctor</strong></span> <span class='ocrx_word' id='word_1_113' title='bbox 622 1647 687 1722; x_wconf 87' lang='lat'><strong>¹⁰⁰),</strong></span> <span class='ocrx_word' id='word_1_114' title='bbox 708 1664 817 1710; x_wconf 88' lang='lat' dir='ltr'><strong>nomen</strong></span> <span class='ocrx_word' id='word_1_115' title='bbox 833 1647 950 1728; x_wconf 86' lang='lat' dir='ltr'><strong>quidem</strong></span> <span class='ocrx_word' id='word_1_116' title='bbox 965 1648 1111 1729; x_wconf 85' lang='lat' dir='ltr'><strong>omnious,</strong></span> <span class='ocrx_word' id='word_1_117' title='bbox 1134 1649 1289 1730; x_wconf 88' lang='lat' dir='ltr'><strong>scriptiun-</strong></span> 
     </span>
     <span class='ocr_line' id='line_1_15' title="bbox 65 1755 1288 1838; baseline 0.003 -20"><span class='ocrx_word' id='word_1_118' title='bbox 65 1756 120 1819; x_wconf 89' lang='lat' dir='ltr'><strong>cula</strong></span> <span class='ocrx_word' id='word_1_119' title='bbox 145 1757 258 1820; x_wconf 88' lang='lat' dir='ltr'><strong>nemini</strong></span> <span class='ocrx_word' id='word_1_120' title='bbox 286 1755 429 1820; x_wconf 88' lang='lat' dir='ltr'><strong>hacteuus</strong></span> <span class='ocrx_word' id='word_1_121' title='bbox 457 1757 634 1838; x_wconf 91' lang='lat' dir='ltr'><strong>innotuerit;</strong></span> <span class='ocrx_word' id='word_1_122' title='bbox 662 1763 722 1818; x_wconf 92' lang='lat' dir='ltr'><strong>tum</strong></span> <span class='ocrx_word' id='word_1_123' title='bbox 752 1773 789 1820; x_wconf 89' lang='lat' dir='ltr'><strong>eo</strong></span> <span class='ocrx_word' id='word_1_124' title='bbox 818 1755 876 1820; x_wconf 86' lang='lat' dir='ltr'><strong>fine</strong></span> <span class='ocrx_word' id='word_1_125' title='bbox 903 1764 949 1820; x_wconf 89' lang='lat' dir='ltr'><strong>est</strong></span> <span class='ocrx_word' id='word_1_126' title='bbox 976 1757 1101 1836; x_wconf 82' lang='lat' dir='ltr'><strong>lactum,</strong></span> <span class='ocrx_word' id='word_1_127' title='bbox 1130 1757 1288 1822; x_wconf 85' lang='lat' dir='ltr'><strong>ulmellos</strong></span> 
     </span>
     <span class='ocr_line' id='line_1_16' title="bbox 64 1865 1287 1948; baseline 0.003 -22"><span class='ocrx_word' id='word_1_128' title='bbox 64 1872 88 1927; x_wconf 90' lang='lat' dir='ltr'><strong>et</strong></span> <span class='ocrx_word' id='word_1_129' title='bbox 111 1868 184 1928; x_wconf 88' lang='lat' dir='ltr'><strong>ratio</strong></span> <span class='ocrx_word' id='word_1_130' title='bbox 216 1867 362 1947; x_wconf 78' lang='lat' dir='ltr'><strong>cognosci</strong></span> <span class='ocrx_word' id='word_1_131' title='bbox 389 1872 495 1946; x_wconf 89' lang='lat' dir='ltr'><strong>queat,</strong></span> <span class='ocrx_word' id='word_1_132' title='bbox 525 1883 611 1948; x_wconf 85' lang='lat' dir='ltr'><strong>quam</strong></span> <span class='ocrx_word' id='word_1_133' title='bbox 640 1865 698 1929; x_wconf 89' lang='lat' dir='ltr'><strong>illis</strong></span> <span class='ocrx_word' id='word_1_134' title='bbox 719 1865 899 1947; x_wconf 80' lang='lat' dir='ltr'><strong>temporibus</strong></span> <span class='ocrx_word' id='word_1_135' title='bbox 921 1865 969 1930; x_wconf 86' lang='lat' dir='ltr'><strong>rlil</strong></span> <span class='ocrx_word' id='word_1_136' title='bbox 991 1867 1129 1932; x_wconf 85' lang='lat' dir='ltr'><strong>allomin</strong></span> <span class='ocrx_word' id='word_1_137' title='bbox 1151 1867 1287 1930; x_wconf 90' lang='lat' dir='ltr'><strong>docendo</strong></span> 
     </span>
     <span class='ocr_line' id='line_1_17' title="bbox 64 1975 1287 2058; baseline 0.002 -21"><span class='ocrx_word' id='word_1_138' title='bbox 64 1981 87 2037; x_wconf 89' lang='lat' dir='ltr'><strong>et</strong></span> <span class='ocrx_word' id='word_1_139' title='bbox 105 1975 261 2038; x_wconf 89' lang='lat' dir='ltr'><strong>scribendo</strong></span> <span class='ocrx_word' id='word_1_140' title='bbox 283 1975 377 2038; x_wconf 89' lang='lat' dir='ltr'><strong>secuti</strong></span> <span class='ocrx_word' id='word_1_141' title='bbox 399 1976 465 2053; x_wconf 87' lang='lat' dir='ltr'><strong>sint,</strong></span> <span class='ocrx_word' id='word_1_142' title='bbox 489 1981 519 2038; x_wconf 88' lang='lat' dir='ltr'><strong>et</strong></span> <span class='ocrx_word' id='word_1_143' title='bbox 540 1993 617 2058; x_wconf 87' lang='lat' dir='ltr'><strong>quaa</strong></span> <span class='ocrx_word' id='word_1_144' title='bbox 637 1975 801 2039; x_wconf 84' lang='lat' dir='ltr'><strong>intercedat</strong></span> <span class='ocrx_word' id='word_1_145' title='bbox 822 1977 990 2040; x_wconf 83' lang='lat' dir='ltr'><strong>communio</strong></span> <span class='ocrx_word' id='word_1_146' title='bbox 1011 1977 1088 2039; x_wconf 89' lang='lat' dir='ltr'><strong>inter</strong></span> <span class='ocrx_word' id='word_1_147' title='bbox 1102 1975 1287 2050; x_wconf 85' lang='lat' dir='ltr'><strong>Beruerdum</strong></span> 
     </span>
     <span class='ocr_line' id='line_1_18' title="bbox 64 2083 1287 2168; baseline 0.002 -23"><span class='ocrx_word' id='word_1_148' title='bbox 64 2083 183 2167; x_wconf 89' lang='lat' dir='ltr'><strong>aliosque</strong></span> <span class='ocrx_word' id='word_1_149' title='bbox 207 2085 342 2148; x_wconf 87' lang='lat' dir='ltr'><strong>eiusdem</strong></span> <span class='ocrx_word' id='word_1_150' title='bbox 365 2086 468 2147; x_wconf 88' lang='lat' dir='ltr'><strong>aetatis</strong></span> <span class='ocrx_word' id='word_1_151' title='bbox 490 2085 626 2147; x_wconf 89' lang='lat' dir='ltr'><strong>canonici</strong></span> <span class='ocrx_word' id='word_1_152' title='bbox 652 2085 724 2148; x_wconf 91' lang='lat' dir='ltr'><strong>iuris</strong></span> <span class='ocrx_word' id='word_1_153' title='bbox 752 2086 927 2168; x_wconf 86' lang='lat' dir='ltr'><strong>magistros,</strong></span> <span class='ocrx_word' id='word_1_154' title='bbox 956 2103 1080 2167; x_wconf 86' lang='lat' dir='ltr'><strong>quorum</strong></span> <span class='ocrx_word' id='word_1_155' title='bbox 1103 2085 1140 2151; x_wconf 85' lang='lat' dir='ltr'><strong>de</strong></span> <span class='ocrx_word' id='word_1_156' title='bbox 1162 2101 1287 2150; x_wconf 89' lang='lat' dir='ltr'><strong>numero</strong></span> 
     </span>
     <span class='ocr_line' id='line_1_19' title="bbox 66 2192 1287 2276; baseline 0.003 -23"><span class='ocrx_word' id='word_1_157' title='bbox 66 2192 143 2256; x_wconf 90' lang='lat' dir='ltr'><strong>luisse</strong></span> <span class='ocrx_word' id='word_1_158' title='bbox 165 2193 340 2273; x_wconf 81' lang='lat' dir='ltr'><strong>Ricardum,</strong></span> <span class='ocrx_word' id='word_1_159' title='bbox 371 2193 440 2258; x_wconf 90' lang='lat' dir='ltr'><strong>licet</strong></span> <span class='ocrx_word' id='word_1_160' title='bbox 467 2195 496 2256; x_wconf 91' lang='lat' dir='ltr'><strong>in</strong></span> <span class='ocrx_word' id='word_1_161' title='bbox 525 2195 655 2275; x_wconf 90' lang='lat' dir='ltr'><strong>ipsorum</strong></span> <span class='ocrx_word' id='word_1_162' title='bbox 678 2195 900 2261; x_wconf 76' lang='lat' dir='ltr'><strong>enumeratione</strong></span> <span class='ocrx_word' id='word_1_163' title='bbox 922 2202 1147 2276; x_wconf 86' lang='lat' dir='ltr'><strong>extemporum</strong></span> <span class='ocrx_word' id='word_1_164' title='bbox 1169 2195 1248 2259; x_wconf 86' lang='lat' dir='ltr'><strong>serie</strong></span> <span class='ocrx_word' id='word_1_165' title='bbox 1270 2213 1287 2257; x_wconf 84' lang='lat' dir='ltr'><strong>a</strong></span> 
     </span>
     <span class='ocr_line' id='line_1_20' title="bbox 64 2300 1323 2385; baseline 0.003 -23"><span class='ocrx_word' id='word_1_166' title='bbox 64 2300 159 2366; x_wconf 85' lang='lat' dir='ltr'><strong>loenue</strong></span> <span class='ocrx_word' id='word_1_167' title='bbox 180 2304 323 2366; x_wconf 80' lang='lat' dir='ltr'><strong>Andreae</strong></span> <span class='ocrx_word' id='word_1_168' title='bbox 350 2303 416 2366; x_wconf 89' lang='lat' dir='ltr'><strong>data</strong></span> <span class='ocrx_word' id='word_1_169' title='bbox 437 2302 605 2368; x_wconf 88' lang='lat' dir='ltr'><strong>Bernardus</strong></span> <span class='ocrx_word' id='word_1_170' title='bbox 635 2303 725 2367; x_wconf 90' lang='lat' dir='ltr'><strong>multo</strong></span> <span class='ocrx_word' id='word_1_171' title='bbox 755 2312 823 2368; x_wconf 80' lang='lat' dir='ltr'><strong>ente</strong></span> <span class='ocrx_word' id='word_1_172' title='bbox 843 2303 1001 2366; x_wconf 82' lang='lat' dir='ltr'><strong>Ricardum</strong></span> <span class='ocrx_word' id='word_1_173' title='bbox 1026 2312 1285 2385; x_wconf 77' lang='lat' dir='ltr'><strong>commemoretur,</strong></span> <span class='ocrx_word' id='word_1_174' title='bbox 1321 2325 1323 2329; x_wconf 93' lang='lat'>·</span> 
     </span>
     <span class='ocr_line' id='line_1_21' title="bbox 65 2411 1286 2496; baseline 0.006 -24"><span class='ocrx_word' id='word_1_175' title='bbox 65 2411 197 2494; x_wconf 92' lang='lat' dir='ltr'><strong>idipsum</strong></span> <span class='ocrx_word' id='word_1_176' title='bbox 220 2414 291 2476; x_wconf 88' lang='lat' dir='ltr'><strong>satis</strong></span> <span class='ocrx_word' id='word_1_177' title='bbox 314 2413 493 2494; x_wconf 88' lang='lat' dir='ltr'><strong>comprobat,</strong></span> <span class='ocrx_word' id='word_1_178' title='bbox 517 2413 596 2495; x_wconf 89' lang='lat' dir='ltr'><strong>quod</strong></span> <span class='ocrx_word' id='word_1_179' title='bbox 617 2413 733 2495; x_wconf 89' lang='lat' dir='ltr'><strong>iisdem,</strong></span> <span class='ocrx_word' id='word_1_180' title='bbox 757 2414 864 2496; x_wconf 90' lang='lat' dir='ltr'><strong>quibus</strong></span> <span class='ocrx_word' id='word_1_181' title='bbox 884 2413 943 2495; x_wconf 92' lang='lat' dir='ltr'><strong>bic,</strong></span> <span class='ocrx_word' id='word_1_182' title='bbox 964 2414 1054 2478; x_wconf 90' lang='lat' dir='ltr'><strong>toties</strong></span> <span class='ocrx_word' id='word_1_183' title='bbox 1068 2422 1171 2478; x_wconf 90' lang='lat' dir='ltr'><strong>noster</strong></span> <span class='ocrx_word' id='word_1_184' title='bbox 1186 2414 1286 2478; x_wconf 83' lang='lat' dir='ltr'><strong>verbis</strong></span> 
     </span>
     <span class='ocr_line' id='line_1_22' title="bbox 64 2522 554 2605; baseline 0.004 -22"><span class='ocrx_word' id='word_1_185' title='bbox 64 2528 147 2586; x_wconf 89' lang='lat' dir='ltr'><strong>utatur</strong></span> <span class='ocrx_word' id='word_1_186' title='bbox 167 2524 198 2586; x_wconf 92' lang='lat' dir='ltr'><strong>in</strong></span> <span class='ocrx_word' id='word_1_187' title='bbox 221 2522 406 2605; x_wconf 79' lang='lat' dir='ltr'><strong>explicandis</strong></span> <span class='ocrx_word' id='word_1_188' title='bbox 425 2522 554 2588; x_wconf 77' lang='lat' dir='ltr'><strong>casibus.</strong></span> 
     </span>
    </p>

    <p class='ocr_par' dir='ltr' id='par_1_5' title="bbox 63 2631 1285 3706">
     <span class='ocr_line' id='line_1_23' title="bbox 129 2631 1284 2716; baseline 0.002 -21"><span class='ocrx_word' id='word_1_189' title='bbox 129 2632 287 2715; x_wconf 78' lang='lat' dir='ltr'><strong>Utriusque</strong></span> <span class='ocrx_word' id='word_1_190' title='bbox 308 2631 399 2696; x_wconf 89' lang='lat' dir='ltr'><strong>libelli</strong></span> <span class='ocrx_word' id='word_1_191' title='bbox 420 2633 484 2697; x_wconf 88' lang='lat' dir='ltr'><strong>aliis</strong></span> <span class='ocrx_word' id='word_1_192' title='bbox 505 2633 536 2696; x_wconf 90' lang='lat' dir='ltr'><strong>in</strong></span> <span class='ocrx_word' id='word_1_193' title='bbox 557 2633 743 2697; x_wconf 87' lang='lat' dir='ltr'><strong>bibliothecis</strong></span> <span class='ocrx_word' id='word_1_194' title='bbox 765 2634 864 2716; x_wconf 87' lang='lat' dir='ltr'><strong>plures</strong></span> <span class='ocrx_word' id='word_1_195' title='bbox 879 2633 995 2696; x_wconf 90' lang='lat' dir='ltr'><strong>latitare</strong></span> <span class='ocrx_word' id='word_1_196' title='bbox 1010 2631 1132 2697; x_wconf 86' lang='lat' dir='ltr'><strong>codices</strong></span> <span class='ocrx_word' id='word_1_197' title='bbox 1147 2634 1284 2716; x_wconf 85' lang='lat' dir='ltr'><strong>equidem</strong></span> 
     </span>
     <span class='ocr_line' id='line_1_24' title="bbox 63 2741 1284 2833; baseline 0.006 -32"><span class='ocrx_word' id='word_1_198' title='bbox 63 2742 161 2820; x_wconf 90' lang='lat' dir='ltr'><strong>opinor.</strong></span> <span class='ocrx_word' id='word_1_199' title='bbox 204 2741 322 2806; x_wconf 86' lang='lat' dir='ltr'><strong>Etenim</strong></span> <span class='ocrx_word' id='word_1_200' title='bbox 343 2743 420 2824; x_wconf 92' lang='lat' dir='ltr'><strong>apud</strong></span> <span class='ocrx_word' id='word_1_201' title='bbox 441 2741 584 2833; x_wconf 80' lang='lat' dir='ltr'><strong>Blumipm</strong></span> <span class='ocrx_word' id='word_1_202' title='bbox 601 2745 656 2821; x_wconf 84' lang='lat'><strong>¹⁰²)</strong></span> <span class='ocrx_word' id='word_1_203' title='bbox 678 2743 754 2806; x_wconf 88' lang='lat' dir='ltr'><strong>inter</strong></span> <span class='ocrx_word' id='word_1_204' title='bbox 776 2743 896 2808; x_wconf 89' lang='lat' dir='ltr'><strong>codices</strong></span> <span class='ocrx_word' id='word_1_205' title='bbox 917 2743 1048 2806; x_wconf 88' lang='lat' dir='ltr'><strong>Venetos</strong></span> <span class='ocrx_word' id='word_1_206' title='bbox 1072 2743 1102 2808; x_wconf 88' lang='lat' dir='ltr'><strong>S.</strong></span> <span class='ocrx_word' id='word_1_207' title='bbox 1119 2741 1211 2811; x_wconf 84' lang='lat' dir='ltr'><strong>Marci</strong></span> <span class='ocrx_word' id='word_1_208' title='bbox 1234 2762 1284 2808; x_wconf 91' lang='lat' dir='ltr'><strong>oc·</strong></span> 
     </span>
     <span class='ocr_line' id='line_1_25' title="bbox 65 2843 1285 2938; baseline 0.005 -26"><span class='ocrx_word' id='word_1_209' title='bbox 65 2859 170 2914; x_wconf 85' lang='lat' dir='ltr'><strong>currunt</strong></span> <span class='ocrx_word' id='word_1_210' title='bbox 190 2855 220 2916; x_wconf 91' lang='lat' dir='ltr'><strong>in</strong></span> <span class='ocrx_word' id='word_1_211' title='bbox 246 2853 312 2918; x_wconf 88' lang='lat' dir='ltr'><strong>Sec.</strong></span> <span class='ocrx_word' id='word_1_212' title='bbox 327 2853 403 2918; x_wconf 86' lang='lat' dir='ltr'><strong>XIV.</strong></span> <span class='ocrx_word' id='word_1_213' title='bbox 426 2853 515 2930; x_wconf 82' lang='lat' dir='ltr'><strong>libro:</strong></span> <span class='ocrx_word' id='word_1_214' title='bbox 547 2853 658 2930; x_wconf 88' lang='lat' dir='ltr'><strong>„Casus</strong></span> <span class='ocrx_word' id='word_1_215' title='bbox 687 2852 723 2919; x_wconf 88' lang='lat' dir='ltr'><strong>ad</strong></span> <span class='ocrx_word' id='word_1_216' title='bbox 745 2843 910 2918; x_wconf 84' lang='lat' dir='ltr'><strong>decretales</strong></span> <span class='ocrx_word' id='word_1_217' title='bbox 935 2859 1135 2935; x_wconf 89' lang='lat' dir='ltr'><strong>spectantes“,</strong></span> <span class='ocrx_word' id='word_1_218' title='bbox 1157 2855 1193 2918; x_wconf 92' lang='lat' dir='ltr'><strong>iis</strong></span> <span class='ocrx_word' id='word_1_219' title='bbox 1215 2854 1285 2938; x_wconf 89' lang='lat' dir='ltr'><strong>ipsis</strong></span> 
     </span>
     <span class='ocr_line' id='line_1_26' title="bbox 66 2959 1284 3046; baseline 0.006 -26"><span class='ocrx_word' id='word_1_220' title='bbox 66 2959 225 3043; x_wconf 88' lang='lat' dir='ltr'><strong>incipientes</strong></span> <span class='ocrx_word' id='word_1_221' title='bbox 243 2963 351 3041; x_wconf 88' lang='lat' dir='ltr'><strong>verbis,</strong></span> <span class='ocrx_word' id='word_1_222' title='bbox 368 2963 448 3026; x_wconf 87' lang='lat' dir='ltr'><strong>scil:</strong></span> <span class='ocrx_word' id='word_1_223' title='bbox 475 2967 532 3046; x_wconf 83' lang='lat' dir='ltr'><strong>Qui</strong></span> <span class='ocrx_word' id='word_1_224' title='bbox 546 2966 701 3028; x_wconf 77' lang='lat' dir='ltr'><strong>abscondit</strong></span> <span class='ocrx_word' id='word_1_225' title='bbox 712 2967 901 3043; x_wconf 76' lang='lat' dir='ltr'><strong>frumentum</strong></span> <span class='ocrx_word' id='word_1_226' title='bbox 916 2973 978 3040; x_wconf 81' lang='lat' dir='ltr'><strong>etc,</strong></span> <span class='ocrx_word' id='word_1_227' title='bbox 995 2962 1099 3044; x_wconf 86' lang='lat' dir='ltr'><strong>quibus</strong></span> <span class='ocrx_word' id='word_1_228' title='bbox 1115 2971 1216 3027; x_wconf 86' lang='lat' dir='ltr'><strong>noster</strong></span> <span class='ocrx_word' id='word_1_229' title='bbox 1230 2964 1284 3028; x_wconf 92' lang='lat' dir='ltr'><strong>uti·</strong></span> 
     </span>
     <span class='ocr_line' id='line_1_27' title="bbox 64 3070 1284 3156; baseline 0.006 -27"><span class='ocrx_word' id='word_1_230' title='bbox 64 3074 100 3131; x_wconf 87' lang='lat' dir='ltr'><strong>tur</strong></span> <span class='ocrx_word' id='word_1_231' title='bbox 118 3070 277 3151; x_wconf 71' lang='lat' dir='ltr'><strong>dicandus,</strong></span> <span class='ocrx_word' id='word_1_232' title='bbox 301 3073 478 3154; x_wconf 84' lang='lat' dir='ltr'><strong>adnotatque</strong></span> <span class='ocrx_word' id='word_1_233' title='bbox 500 3071 731 3156; x_wconf 85' lang='lat' dir='ltr'><strong>lliplovataccius</strong></span> <span class='ocrx_word' id='word_1_234' title='bbox 748 3073 813 3152; x_wconf 79' lang='lat'><strong>¹⁰²),</strong></span> <span class='ocrx_word' id='word_1_235' title='bbox 835 3079 954 3154; x_wconf 80' lang='lat' dir='ltr'><strong>praeter</strong></span> <span class='ocrx_word' id='word_1_236' title='bbox 973 3073 1115 3136; x_wconf 90' lang='lat' dir='ltr'><strong>Bernardi</strong></span> <span class='ocrx_word' id='word_1_237' title='bbox 1133 3073 1284 3154; x_wconf 88' lang='lat' dir='ltr'><strong>Papiensls</strong></span> 
     </span>
     <span class='ocr_line' id='line_1_28' title="bbox 64 3177 1285 3264; baseline 0.004 -23"><span class='ocrx_word' id='word_1_238' title='bbox 64 3177 204 3262; x_wconf 85' lang='lat' dir='ltr'><strong>glossulas,</strong></span> <span class='ocrx_word' id='word_1_239' title='bbox 229 3200 306 3264; x_wconf 86' lang='lat' dir='ltr'><strong>quae</strong></span> <span class='ocrx_word' id='word_1_240' title='bbox 331 3190 432 3256; x_wconf 84' lang='lat' dir='ltr'><strong>essent</strong></span> <span class='ocrx_word' id='word_1_241' title='bbox 453 3183 483 3246; x_wconf 92' lang='lat' dir='ltr'><strong>in</strong></span> <span class='ocrx_word' id='word_1_242' title='bbox 504 3181 718 3264; x_wconf 89' lang='lat' dir='ltr'><strong>compilationis</strong></span> <span class='ocrx_word' id='word_1_243' title='bbox 733 3183 844 3264; x_wconf 88' lang='lat' dir='ltr'><strong>primae</strong></span> <span class='ocrx_word' id='word_1_244' title='bbox 859 3181 944 3262; x_wconf 85' lang='lat' dir='ltr'><strong>libro,</strong></span> <span class='ocrx_word' id='word_1_245' title='bbox 967 3201 1002 3246; x_wconf 89' lang='lat' dir='ltr'><strong>se</strong></span> <span class='ocrx_word' id='word_1_246' title='bbox 1018 3180 1067 3257; x_wconf 91' lang='lat' dir='ltr'><strong>„in</strong></span> <span class='ocrx_word' id='word_1_247' title='bbox 1083 3179 1140 3245; x_wconf 87' lang='lat' dir='ltr'><strong>linc</strong></span> <span class='ocrx_word' id='word_1_248' title='bbox 1155 3183 1285 3246; x_wconf 89' lang='lat' dir='ltr'><strong>omnium</strong></span> 
     </span>
     <span class='ocr_line' id='line_1_29' title="bbox 65 3291 1283 3373; baseline 0.005 -24"><span class='ocrx_word' id='word_1_249' title='bbox 65 3291 289 3371; x_wconf 87' lang='lat' dir='ltr'><strong>compilationum</strong></span> <span class='ocrx_word' id='word_1_250' title='bbox 310 3292 422 3355; x_wconf 87' lang='lat' dir='ltr'><strong>habere</strong></span> <span class='ocrx_word' id='word_1_251' title='bbox 444 3291 516 3355; x_wconf 86' lang='lat' dir='ltr'><strong>olias</strong></span> <span class='ocrx_word' id='word_1_252' title='bbox 539 3291 686 3373; x_wconf 90' lang='lat' dir='ltr'><strong>glossulas</strong></span> <span class='ocrx_word' id='word_1_253' title='bbox 710 3309 798 3372; x_wconf 86' lang='lat' dir='ltr'><strong>supra</strong></span> <span class='ocrx_word' id='word_1_254' title='bbox 816 3291 892 3359; x_wconf 88' lang='lat' dir='ltr'><strong>dictu</strong></span> <span class='ocrx_word' id='word_1_255' title='bbox 909 3292 1114 3373; x_wconf 85' lang='lat' dir='ltr'><strong>compilatione</strong></span> <span class='ocrx_word' id='word_1_256' title='bbox 1129 3291 1283 3372; x_wconf 84' lang='lat' dir='ltr'><strong>Bernardi,</strong></span> 
     </span>
     <span class='ocr_line' id='line_1_30' title="bbox 66 3396 1285 3484; baseline 0.007 -27"><span class='ocrx_word' id='word_1_257' title='bbox 66 3396 126 3462; x_wconf 85' lang='lat' dir='ltr'><strong>ine:</strong></span> <span class='ocrx_word' id='word_1_258' title='bbox 149 3403 310 3466; x_wconf 73' lang='lat' dir='ltr'><strong>canonum</strong></span> <span class='ocrx_word' id='word_1_259' title='bbox 332 3411 446 3466; x_wconf 82' lang='lat' dir='ltr'><strong>statuto</strong></span> <span class='ocrx_word' id='word_1_260' title='bbox 467 3407 539 3464; x_wconf 85' lang='lat' dir='ltr'><strong>etc.“</strong></span> <span class='ocrx_word' id='word_1_261' title='bbox 584 3400 644 3466; x_wconf 83' lang='lat' dir='ltr'><strong>scd</strong></span> <span class='ocrx_word' id='word_1_262' title='bbox 666 3407 696 3463; x_wconf 89' lang='lat' dir='ltr'><strong>et</strong></span> <span class='ocrx_word' id='word_1_263' title='bbox 716 3407 794 3464; x_wconf 84' lang='lat' dir='ltr'><strong>tonte</strong></span> <span class='ocrx_word' id='word_1_264' title='bbox 815 3399 874 3463; x_wconf 90' lang='lat' dir='ltr'><strong>iam</strong></span> <span class='ocrx_word' id='word_1_265' title='bbox 890 3401 926 3462; x_wconf 89' lang='lat' dir='ltr'><strong>ab</strong></span> <span class='ocrx_word' id='word_1_266' title='bbox 948 3401 1068 3484; x_wconf 85' lang='lat' dir='ltr'><strong>antiquo</strong></span> <span class='ocrx_word' id='word_1_267' title='bbox 1089 3400 1182 3465; x_wconf 90' lang='lat' dir='ltr'><strong>luisse</strong></span> <span class='ocrx_word' id='word_1_268' title='bbox 1204 3402 1285 3466; x_wconf 88' lang='lat' dir='ltr'><strong>vide-</strong></span> 
     </span>
     <span class='ocr_line' id='line_1_31' title="bbox 65 3509 1283 3594; baseline 0.005 -26"><span class='ocrx_word' id='word_1_269' title='bbox 65 3511 115 3584; x_wconf 82' lang='lat' dir='ltr'><strong>tnr,</strong></span> <span class='ocrx_word' id='word_1_270' title='bbox 143 3519 171 3574; x_wconf 87' lang='lat' dir='ltr'><strong>ct</strong></span> <span class='ocrx_word' id='word_1_271' title='bbox 197 3511 278 3574; x_wconf 91' lang='lat' dir='ltr'><strong>bunc</strong></span> <span class='ocrx_word' id='word_1_272' title='bbox 299 3531 394 3594; x_wconf 88' lang='lat' dir='ltr'><strong>usque</strong></span> <span class='ocrx_word' id='word_1_273' title='bbox 415 3513 446 3574; x_wconf 91' lang='lat' dir='ltr'><strong>in</strong></span> <span class='ocrx_word' id='word_1_274' title='bbox 468 3511 546 3574; x_wconf 92' lang='lat' dir='ltr'><strong>diem</strong></span> <span class='ocrx_word' id='word_1_275' title='bbox 568 3510 672 3573; x_wconf 91' lang='lat' dir='ltr'><strong>subest</strong></span> <span class='ocrx_word' id='word_1_276' title='bbox 693 3511 723 3573; x_wconf 92' lang='lat' dir='ltr'><strong>in</strong></span> <span class='ocrx_word' id='word_1_277' title='bbox 752 3509 895 3592; x_wconf 85' lang='lat' dir='ltr'><strong>catalogis</strong></span> <span class='ocrx_word' id='word_1_278' title='bbox 917 3528 1020 3574; x_wconf 88' lang='lat' dir='ltr'><strong>corum</strong></span> <span class='ocrx_word' id='word_1_279' title='bbox 1043 3512 1172 3574; x_wconf 89' lang='lat' dir='ltr'><strong>omnium</strong></span> <span class='ocrx_word' id='word_1_280' title='bbox 1195 3529 1283 3576; x_wconf 88' lang='lat' dir='ltr'><strong>cano·</strong></span> 
     </span>
     <span class='ocr_line' id='line_1_32' title="bbox 66 3615 1283 3706; baseline 0.004 -27"><span class='ocrx_word' id='word_1_281' title='bbox 66 3615 199 3702; x_wconf 84' lang='lat' dir='ltr'><strong>cistarum,</strong></span> <span class='ocrx_word' id='word_1_282' title='bbox 223 3621 273 3704; x_wconf 88' lang='lat' dir='ltr'><strong>qui</strong></span> <span class='ocrx_word' id='word_1_283' title='bbox 288 3621 433 3686; x_wconf 89' lang='lat' dir='ltr'><strong>Bernardi</strong></span> <span class='ocrx_word' id='word_1_284' title='bbox 456 3639 566 3702; x_wconf 89' lang='lat' dir='ltr'><strong>nomen</strong></span> <span class='ocrx_word' id='word_1_285' title='bbox 587 3627 704 3706; x_wconf 74' lang='lat' dir='ltr'><strong>gerunt,</strong></span> <span class='ocrx_word' id='word_1_286' title='bbox 727 3619 872 3704; x_wconf 88' lang='lat' dir='ltr'><strong>conlusio,</strong></span> <span class='ocrx_word' id='word_1_287' title='bbox 895 3627 926 3685; x_wconf 90' lang='lat' dir='ltr'><strong>ut</strong></span> <span class='ocrx_word' id='word_1_288' title='bbox 939 3618 1026 3689; x_wconf 85' lang='lat' dir='ltr'><strong>lecile</strong></span> <span class='ocrx_word' id='word_1_289' title='bbox 1040 3619 1204 3706; x_wconf 77' lang='lat' dir='ltr'><strong>l&#39;epiensis„</strong></span> <span class='ocrx_word' id='word_1_290' title='bbox 1223 3639 1283 3685; x_wconf 96' lang='lat' dir='ltr'><strong>non</strong></span> 
     </span>
    </p>
   </div>
   <div class='ocr_carea' id='block_1_4' title="bbox 69 3803 329 3822">
    <p class='ocr_par' dir='ltr' id='par_1_6' title="bbox 69 3803 329 3822">
     <span class='ocr_line' id='line_1_33' title="bbox 69 3803 329 3822; baseline 0.004 -1"><span class='ocrx_word' id='word_1_291' title='bbox 69 3803 329 3822; x_wconf 30' lang='grc' dir='ltr'><strong>’ᾖξ’-.-</strong></span> 
     </span>
    </p>
   </div>
   <div class='ocr_carea' id='block_1_5' title="bbox 87 3917 1282 4595">
    <p class='ocr_par' dir='ltr' id='par_1_7' title="bbox 91 3917 1282 4426">
     <span class='ocr_line' id='line_1_34' title="bbox 91 3917 1282 3992; baseline 0.003 -17"><span class='ocrx_word' id='word_1_292' title='bbox 91 3917 1282 3992; x_wconf 53' lang='grc' dir='ltr'><strong>ἯΗὴεωωιᾶι2ὒῳώωνάοωώωὴειὼωὴωὴ([ὔ)ν.ωκωὴ</strong></span> 
     </span>
     <span class='ocr_line' id='line_1_35' title="bbox 133 4009 1281 4078; baseline 0.003 -18"><span class='ocrx_word' id='word_1_293' title='bbox 133 4011 290 4061; x_wconf 66' lang='lat' dir='ltr'><strong>maurium</strong></span> <span class='ocrx_word' id='word_1_294' title='bbox 308 4010 374 4064; x_wconf 80' lang='lat' dir='ltr'><strong>haec</strong></span> <span class='ocrx_word' id='word_1_295' title='bbox 393 4013 503 4078; x_wconf 82' lang='lat' dir='ltr'><strong>profert:</strong></span> <span class='ocrx_word' id='word_1_296' title='bbox 533 4011 656 4078; x_wconf 73' lang='lat' dir='ltr'><strong>Magister</strong></span> <span class='ocrx_word' id='word_1_297' title='bbox 673 4009 706 4064; x_wconf 77' lang='lat' dir='ltr'><strong><em>R</em></strong></span> <span class='ocrx_word' id='word_1_298' title='bbox 731 4012 767 4062; x_wconf 84' lang='lat' dir='ltr'><strong>sic</strong></span> <span class='ocrx_word' id='word_1_299' title='bbox 781 4011 854 4077; x_wconf 80' lang='lat' dir='ltr'><strong>ponit</strong></span> <span class='ocrx_word' id='word_1_300' title='bbox 869 4028 964 4062; x_wconf 69' lang='lat' dir='ltr'><strong>corum</strong></span> <span class='ocrx_word' id='word_1_301' title='bbox 1002 4011 1156 4078; x_wconf 75' lang='lat' dir='ltr'><strong>„Episcopus</strong></span> <span class='ocrx_word' id='word_1_302' title='bbox 1174 4013 1204 4064; x_wconf 81' lang='lat' dir='ltr'><strong>de</strong></span> <span class='ocrx_word' id='word_1_303' title='bbox 1221 4031 1281 4064; x_wconf 85' lang='lat' dir='ltr'><strong>novo</strong></span> 
     </span>
     <span class='ocr_line' id='line_1_36' title="bbox 136 4097 1282 4167; baseline 0.004 -21"><span class='ocrx_word' id='word_1_304' title='bbox 136 4099 272 4148; x_wconf 79' lang='lat' dir='ltr'><strong>constitutur</strong></span> <span class='ocrx_word' id='word_1_305' title='bbox 289 4098 419 4166; x_wconf 77' lang='lat' dir='ltr'><strong>appelletis</strong></span> <span class='ocrx_word' id='word_1_306' title='bbox 435 4099 599 4164; x_wconf 60' lang='lat' dir='ltr'><strong>suffraganeis</strong></span> <span class='ocrx_word' id='word_1_307' title='bbox 610 4097 755 4161; x_wconf 77' lang='lat' dir='ltr'><strong>fidelitatem</strong></span> <span class='ocrx_word' id='word_1_308' title='bbox 772 4099 887 4163; x_wconf 79' lang='lat' dir='ltr'><strong>requirit;</strong></span> <span class='ocrx_word' id='word_1_309' title='bbox 907 4115 985 4164; x_wconf 62' lang='lat' dir='ltr'><strong>stirp.²</strong></span> <span class='ocrx_word' id='word_1_310' title='bbox 1005 4099 1072 4164; x_wconf 80' lang='lat' dir='ltr'><strong>qued</strong></span> <span class='ocrx_word' id='word_1_311' title='bbox 1087 4115 1135 4150; x_wconf 85' lang='lat' dir='ltr'><strong>nun</strong></span> <span class='ocrx_word' id='word_1_312' title='bbox 1153 4101 1224 4151; x_wconf 81' lang='lat' dir='ltr'><strong>debet</strong></span> <span class='ocrx_word' id='word_1_313' title='bbox 1235 4101 1282 4167; x_wconf 86' lang='lat' dir='ltr'><strong>sa·</strong></span> 
     </span>
     <span class='ocr_line' id='line_1_37' title="bbox 137 4184 1281 4252; baseline 0.006 -20"><span class='ocrx_word' id='word_1_314' title='bbox 137 4199 198 4247; x_wconf 81' lang='lat' dir='ltr'><strong>cere,</strong></span> <span class='ocrx_word' id='word_1_315' title='bbox 218 4194 308 4235; x_wconf 72' lang='lat' dir='ltr'><strong>motum</strong></span> <span class='ocrx_word' id='word_1_316' title='bbox 326 4195 403 4236; x_wconf 66' lang='lat' dir='ltr'><strong>aarum</strong></span> <span class='ocrx_word' id='word_1_317' title='bbox 421 4187 451 4236; x_wconf 83' lang='lat' dir='ltr'><strong>ab</strong></span> <span class='ocrx_word' id='word_1_318' title='bbox 469 4186 518 4236; x_wconf 76' lang='lat' dir='ltr'><strong>r&#39;llr&#39;s</strong></span> <span class='ocrx_word' id='word_1_319' title='bbox 537 4187 630 4252; x_wconf 72' lang='lat' dir='ltr'><strong>erigat,</strong></span> <span class='ocrx_word' id='word_1_320' title='bbox 650 4201 710 4250; x_wconf 82' lang='lat' dir='ltr'><strong>quos</strong></span> <span class='ocrx_word' id='word_1_321' title='bbox 727 4185 778 4250; x_wconf 78' lang='lat' dir='ltr'><strong>s&#39;psc</strong></span> <span class='ocrx_word' id='word_1_322' title='bbox 795 4184 825 4234; x_wconf 76' lang='lat' dir='ltr'><strong>de</strong></span> <span class='ocrx_word' id='word_1_323' title='bbox 843 4201 903 4234; x_wconf 83' lang='lat' dir='ltr'><strong>nucu</strong></span> <span class='ocrx_word' id='word_1_324' title='bbox 921 4185 1036 4250; x_wconf 78' lang='lat' dir='ltr'><strong>instituit,</strong></span> <span class='ocrx_word' id='word_1_325' title='bbox 1060 4195 1088 4236; x_wconf 85' lang='lat' dir='ltr'><strong>ut</strong></span> <span class='ocrx_word' id='word_1_326' title='bbox 1103 4185 1148 4238; x_wconf 67' lang='lat' dir='ltr'><strong>Da&#39;„</strong></span> <span class='ocrx_word' id='word_1_327' title='bbox 1166 4185 1281 4239; x_wconf 85' lang='lat' dir='ltr'><strong><em>XXIII.</em></strong></span> 
     </span>
     <span class='ocr_line' id='line_1_38' title="bbox 135 4268 1279 4346; baseline 0.003 -27"><span class='ocrx_word' id='word_1_328' title='bbox 135 4286 153 4319; x_wconf 85' lang='lat' dir='ltr'><strong>c.</strong></span> <span class='ocrx_word' id='word_1_329' title='bbox 183 4268 359 4336; x_wconf 57' lang='lat' dir='ltr'><strong>Quamquam!</strong></span> <span class='ocrx_word' id='word_1_330' title='bbox 400 4273 440 4324; x_wconf 84' lang='lat' dir='ltr'><strong>Ea</strong></span> <span class='ocrx_word' id='word_1_331' title='bbox 465 4289 529 4326; x_wconf 86' lang='lat' dir='ltr'><strong>vero</strong></span> <span class='ocrx_word' id='word_1_332' title='bbox 554 4275 630 4346; x_wconf 77' lang='lat' dir='ltr'><strong>ipsa,</strong></span> <span class='ocrx_word' id='word_1_333' title='bbox 662 4272 706 4324; x_wconf 85' lang='lat' dir='ltr'><strong>his</strong></span> <span class='ocrx_word' id='word_1_334' title='bbox 730 4273 902 4338; x_wconf 72' lang='lat' dir='ltr'><strong>praemissis:</strong></span> <span class='ocrx_word' id='word_1_335' title='bbox 944 4269 1002 4323; x_wconf 81' lang='lat' dir='ltr'><strong>Hoc</strong></span> <span class='ocrx_word' id='word_1_336' title='bbox 1026 4289 1080 4338; x_wconf 81' lang='lat' dir='ltr'><strong>cop.</strong></span> <span class='ocrx_word' id='word_1_337' title='bbox 1107 4273 1144 4324; x_wconf 79' lang='lat' dir='ltr'><strong>sic</strong></span> <span class='ocrx_word' id='word_1_338' title='bbox 1165 4273 1279 4339; x_wconf 74' lang='lat' dir='ltr'><strong>botelliyo,</strong></span> 
     </span>
     <span class='ocr_line' id='line_1_39' title="bbox 135 4357 945 4426; baseline 0.005 -18"><span class='ocrx_word' id='word_1_339' title='bbox 135 4359 294 4412; x_wconf 86' lang='lat' dir='ltr'><strong>verbotenus</strong></span> <span class='ocrx_word' id='word_1_340' title='bbox 314 4359 512 4426; x_wconf 71' lang='lat' dir='ltr'><strong>accepisic</strong></span> <span class='ocrx_word' id='word_1_341' title='bbox 531 4360 657 4426; x_wconf 79' lang='lat' dir='ltr'><strong>leguntur</strong></span> <span class='ocrx_word' id='word_1_342' title='bbox 673 4360 701 4412; x_wconf 89' lang='lat' dir='ltr'><strong>iu</strong></span> <span class='ocrx_word' id='word_1_343' title='bbox 721 4357 786 4412; x_wconf 84' lang='lat' dir='ltr'><strong>God.</strong></span> <span class='ocrx_word' id='word_1_344' title='bbox 807 4357 945 4412; x_wconf 79' lang='lat' dir='ltr'><strong>Patauino.</strong></span> 
     </span>
    </p>

    <p class='ocr_par' dir='ltr' id='par_1_8' title="bbox 87 4435 1280 4595">
     <span class='ocr_line' id='line_1_40' title="bbox 87 4435 1280 4515; baseline 0.006 -21"><span class='ocrx_word' id='word_1_345' title='bbox 87 4435 123 4506; x_wconf 75' lang='grc' dir='ltr'><strong>Ι“)</strong></span> <span class='ocrx_word' id='word_1_346' title='bbox 139 4439 175 4495; x_wconf 86' lang='lat' dir='ltr'><strong>(ll.</strong></span> <span class='ocrx_word' id='word_1_347' title='bbox 194 4447 244 4499; x_wconf 77' lang='lat' dir='ltr'><strong>(lor.</strong></span> <span class='ocrx_word' id='word_1_348' title='bbox 261 4447 337 4498; x_wconf 79' lang='lat' dir='ltr'><strong>uitur</strong></span> <span class='ocrx_word' id='word_1_349' title='bbox 362 4446 443 4513; x_wconf 84' lang='lat' dir='ltr'><strong>prael.</strong></span> <span class='ocrx_word' id='word_1_350' title='bbox 466 4446 501 4499; x_wconf 85' lang='lat' dir='ltr'><strong>ad</strong></span> <span class='ocrx_word' id='word_1_351' title='bbox 519 4444 593 4512; x_wconf 81' lang='lat' dir='ltr'><strong>Mag.</strong></span> <span class='ocrx_word' id='word_1_352' title='bbox 610 4443 717 4498; x_wconf 83' lang='lat' dir='ltr'><strong>Ricardi</strong></span> <span class='ocrx_word' id='word_1_353' title='bbox 736 4445 844 4511; x_wconf 77' lang='lat' dir='ltr'><strong>Angllci</strong></span> <span class='ocrx_word' id='word_1_354' title='bbox 867 4445 923 4498; x_wconf 87' lang='lat' dir='ltr'><strong>ord.</strong></span> <span class='ocrx_word' id='word_1_355' title='bbox 947 4446 1083 4515; x_wconf 79' lang='lat' dir='ltr'><strong>indiciam,</strong></span> <span class='ocrx_word' id='word_1_356' title='bbox 1107 4445 1184 4498; x_wconf 87' lang='lat' dir='ltr'><strong>Halia</strong></span> <span class='ocrx_word' id='word_1_357' title='bbox 1205 4443 1280 4513; x_wconf 81' lang='lat'><strong>18⁵3,</strong></span> 
     </span>
     <span class='ocr_line' id='line_1_41' title="bbox 137 4530 305 4595; baseline 0 -11"><span class='ocrx_word' id='word_1_358' title='bbox 137 4530 305 4595; x_wconf 50' lang='lat' dir='ltr'><strong>pfflml</strong></span> 
     </span>
    </p>
   </div>
   <div class='ocr_carea' id='block_1_6' title="bbox 88 4610 1204 4753">
    <p class='ocr_par' dir='ltr' id='par_1_9' title="bbox 88 4610 1204 4753">
     <span class='ocr_line' id='line_1_42' title="bbox 88 4610 1204 4687; baseline 0.001 -18"><span class='ocrx_word' id='word_1_359' title='bbox 88 4610 126 4678; x_wconf 69' lang='grc' dir='ltr'><strong>ΙἸ)</strong></span> <span class='ocrx_word' id='word_1_360' title='bbox 141 4615 171 4670; x_wconf 92' lang='lat' dir='ltr'><strong>Iu</strong></span> <span class='ocrx_word' id='word_1_361' title='bbox 182 4619 346 4674; x_wconf 88' lang='lat' dir='ltr'><strong>bibliotheca</strong></span> <span class='ocrx_word' id='word_1_362' title='bbox 359 4619 402 4673; x_wconf 85' lang='lat' dir='ltr'><strong>cit.</strong></span> <span class='ocrx_word' id='word_1_363' title='bbox 418 4635 444 4687; x_wconf 85' lang='lat' dir='ltr'><strong>p.</strong></span> <span class='ocrx_word' id='word_1_364' title='bbox 455 4618 496 4674; x_wconf 79' lang='lat'><strong>14.</strong></span> <span class='ocrx_word' id='word_1_365' title='bbox 511 4621 562 4674; x_wconf 86' lang='lat' dir='ltr'><strong>sub</strong></span> <span class='ocrx_word' id='word_1_366' title='bbox 576 4617 623 4672; x_wconf 79' lang='lat' dir='ltr'><strong>ur.</strong></span> <span class='ocrx_word' id='word_1_367' title='bbox 633 4617 675 4676; x_wconf 77' lang='lat'><strong>25.</strong></span> <span class='ocrx_word' id='word_1_368' title='bbox 730 4617 774 4684; x_wconf 76' lang='lat'><strong>¹⁰²)</strong></span> <span class='ocrx_word' id='word_1_369' title='bbox 792 4617 825 4670; x_wconf 78' lang='lat' dir='ltr'><strong>L.</strong></span> <span class='ocrx_word' id='word_1_370' title='bbox 837 4618 881 4670; x_wconf 64' lang='lat' dir='ltr'><strong>citt</strong></span> <span class='ocrx_word' id='word_1_371' title='bbox 895 4619 947 4671; x_wconf 87' lang='lat' dir='ltr'><strong>sub</strong></span> <span class='ocrx_word' id='word_1_372' title='bbox 960 4615 1008 4670; x_wconf 82' lang='grc' dir='ltr'><strong>Νι.</strong></span> <span class='ocrx_word' id='word_1_373' title='bbox 1018 4617 1060 4673; x_wconf 81' lang='grc'><strong>36.</strong></span> <span class='ocrx_word' id='word_1_374' title='bbox 1073 4618 1119 4672; x_wconf 91' lang='lat' dir='ltr'><strong>lol.</strong></span> <span class='ocrx_word' id='word_1_375' title='bbox 1132 4614 1204 4674; x_wconf 68' lang='lat' dir='ltr'><strong>liuh.</strong></span> 
     </span>
     <span class='ocr_line' id='line_1_43' title="bbox 934 4711 1067 4753; baseline -0.015 -1"><span class='ocrx_word' id='word_1_376' title='bbox 934 4711 1067 4753; x_wconf 66' lang='lat' dir='ltr'><strong>*turc</strong></span> 
     </span>
    </p>
   </div>
   <div class='ocr_carea' id='block_1_7' title="bbox 0 0 1554 5184">
    <p class='ocr_par' dir='ltr' id='par_1_10' title="bbox 0 0 1554 5184">
     <span class='ocr_line' id='line_1_44' title="bbox 0 0 1554 5184; baseline 0 4"><span class='ocrx_word' id='word_1_377' title='bbox 0 0 1554 5184; x_wconf 95' lang='lat' dir='ltr'><strong> </strong></span> 
     </span>
    </p>
   </div>
  </div>
 </body>
</html>
