3062 5174
462 283 580 338 casos
612 279 900 336 oncnsnnnruu.
1240 265 1298 338 337

55 461 117 516 ille
146 437 177 515 in
206 463 366 516 continenti
394 467 511 532 paratus
533 461 571 514 sit
590 475 656 530 pro·
706 465 773 514 vato
795 457 965 526 dimisisset,
995 464 1022 511 et
1049 463 1149 527 postea
1174 456 1297 513 anobis

54 556 134 612 bare
157 557 323 627 divortium,
346 575 386 614 ar.
408 557 473 630 Dig.
497 557 534 612 ad
556 555 653 612 exhib.
682 627 684 632 ι
706 555 817 610 litteras
838 555 1022 625 impetrasset
1041 552 1080 608 ad
1101 552 1239 624 quosdam
1253 555 1297 609 iu-

55 655 95 708 L.
112 649 140 713 3.
164 653 308 726 §Ibidem
331 653 362 727 (§
378 649 439 729 13).
516 688 519 694 ·
706 651 800 720 dices,
837 667 932 708 coram
968 651 1073 722 quibus
1108 666 1225 706 causum
1262 650 1298 706 de

707 751 955 822 consanguinitate
966 747 1090 820 probare
1101 747 1227 816 volebat,
1243 749 1298 806 illa

53 846 159 904 medio
189 853 316 920 tempore
344 863 440 902 coram
468 848 605 918 episcopo
631 847 691 902 loci
719 853 784 902 ante
812 847 893 901 litem
924 829 1109 902 contestatam
1140 853 1167 900 et
1198 853 1299 917 postea

54 945 176 999 restitui
197 945 322 1015 petebat,
345 951 373 1000 et
393 944 448 999 hoc
468 944 547 1000 idem
568 951 668 1014 postea
689 959 784 1000 coram
807 943 943 1016 delegatis
957 943 1133 1013 postulabat,
1156 949 1183 997 et
1205 938 1299 1016 [cum]

55 1039 175 1095 iudices
197 1041 251 1096 hoo
273 1047 436 1097 constanter
453 1049 612 1114 negassent,
634 1041 689 1096 illa
710 1041 748 1096 ad
762 1057 815 1096 nos
830 1041 1006 1113 appellavit3
1027 1040 1105 1096 unde
1120 1039 1203 1096 vobis
1217 1056 1298 1094 man-

56 1136 175 1208 damus,
197 1138 275 1208 quod
296 1139 329 1192 si
340 1141 499 1209 praemissa
518 1139 710 1211 constiterint,
731 1139 927 1211 appellatione
941 1145 1050 1193 remota
1063 1138 1090 1194 ei
1105 1139 1199 1192 virum
1213 1153 1297 1192 suum

55 1235 176 1289 restitui
197 1235 327 1304 faciatis,
349 1242 392 1304 et,
418 1251 492 1307 quae
512 1245 580 1307 post
600 1237 825 1306 appellationem
847 1236 922 1290 iacta
942 1241 1009 1290 sunt
1029 1236 1061 1289 in
1081 1234 1195 1290 irritum
1216 1249 1297 1290 revo-

55 1331 143 1399 catis,
166 1337 281 1388 causam
302 1348 388 1404 super
408 1333 593 1389 matrimonio
615 1335 671 1388 flne
693 1333 790 1388 debito
812 1333 979 1388 terminetis.

562 1517 800 1526 ———-.----··-·-

101 1675 339 1738 libuisset.
380 1679 423 1738 oe
450 1677 729 1755 testamcutls¹)
757 1681 793 1738 ct
818 1677 960 1738 ultimis
987 1675 1256 1736 voluntatibus.

467 1807 505 1874 C.
530 1811 557 1873 1.
602 1813 822 1872 Testamentum
845 1819 895 1872 etc.

103 1965 164 2020 Hoc
185 1971 227 2020 est
248 1965 373 2035 speciale
392 1973 420 2020 et
440 1983 492 2036 pro
514 1983 566 2021 sus
586 1981 651 2038 pro·
742 1967 813 2021 Cum
835 1967 867 2020 B.
893 1970 966 2020 esset
993 1963 1165 2034 episeopus,
1195 1962 1312 2019 condi-⁸

58 2062 127 2132 pria
161 2063 324 2131 sepultura,
361 2062 428 2118 ideo
445 2059 470 2137 ²)
502 2063 580 2134 quod
610 2070 652 2118 est
703 2062 747 2117 dit
776 2068 990 2129 testamentum,
1018 2059 1097 2133 quod
1121 2061 1200 2130 Papa
1228 2075 1294 2114 con-

59 2159 216 2230 episcopus
237 2159 339 2214 iactus.
703 2161 812 2229 firmat3
834 2175 887 2216 nee
902 2159 978 2214 enim
994 2157 1050 2213 init
1062 2157 1111 2213 hic
1125 2157 1291 2213 monachus.

440 2331 444 2340 ’
476 2316 514 2384 C.
538 2319 568 2385 2.
614 2323 813 2401 Quorundam
834 2331 886 2382 etc.

101 2456 156 2512 ilic
178 2458 340 2528 episeopus,
364 2457 432 2512 dum
454 2465 527 2513 esset
547 2459 650 2526 laicus,
743 2459 815 2513 Cum
846 2459 896 2513 hic
927 2459 1081 2529 episcopus
1113 2455 1293 2513 condidisset

58 2569 181 2609 uxorem
210 2555 238 2609 et
258 2555 349 2610 filiam
369 2554 520 2610 habuerat.
563 2555 651 2610 Casus
702 2561 902 2610 testamentum
924 2563 951 2610 et
968 2553 1235 2626 partcmbonorum
1250 2569 1293 2609 re-

57 2652 166 2721 planus
193 2658 250 2718 est,
280 2651 330 2707 sed
356 2653 460 2706 mirum
485 2659 543 2720 est,
572 2650 652 2721 quod
701 2653 836 2722 liquisset
856 2651 995 2707 ecclesiae
1017 2659 1045 2707 et
1063 2659 1174 2723 partem
1195 2651 1292 2719 nurui,

60 2747 178 2802 videtur
204 2749 297 2816 velle,
323 2748 415 2820 quod,
438 2747 585 2820 quidquid
606 2762 651 2803 ae·
702 2749 847 2820 praecipit
872 2749 969 2820 Papa,
998 2756 1030 2804 ut
1056 2749 1134 2804 bona
1158 2749 1293 2804 ecclesia-

60 2845 153 2916 quirit
194 2846 346 2916 episeopus
385 2853 450 2916 post
489 2851 651 2917 susceptam
702 2847 775 2900 stica
795 2847 933 2902 ecclesiae
955 2857 1020 2901 ante
1041 2847 1088 2900 vel
1102 2854 1168 2917 post
1182 2847 1292 2918 episco-

61 2941 244 3012 dignitatem,
266 2943 404 2998 ecclesiae
423 2943 469 3010 sit,
491 2943 532 2998 ita
547 2951 651 2998 utnon
701 2950 801 3014 patum
823 2944 967 3014 acquisita
987 2944 1015 3000 ei
1034 2943 1143 3014 absque
1162 2943 1291 3000 laesione

60 3039 155 3110 possit
180 3039 249 3094 inde
278 3040 393 3107 testari,
425 3040 504 3110 quod
535 3039 652 3110 quidem
702 3047 916 3096 conserventur.

63 3137 134 3190 olim
147 3135 283 3208 obtinuit,
305 3137 380 3192 sicut
400 3136 599 3208 praediximus
620 3139 651 3192 in

61 3249 176 3288 summa
196 3233 240 3288 tit.
262 3233 357 3290 huius.

412 3385 451 3454 O.
473 3389 501 3456 3.
546 3391 625 3472 Quia
645 3392 876 3470 inpedientibus
895 3401 947 3454 ete.

103 3526 173 3584 Pars
187 3528 273 3584 huius
288 3543 352 3600 cap.
373 3536 417 3585 est
430 3545 517 3600 supra
531 3527 560 3584 G.
571 3529 651 3588 XIX.
743 3529 776 3585 G.
796 3528 945 3586 abbatissa
965 3527 1050 3584 nobis
1068 3533 1224 3598 conquesta
1238 3531 1290 3595 est,

63 3619 147 3698 qud
169 3621 207 3698 (c.
223 3619 273 3700 7),
302 3627 405 3680 ultima
431 3642 498 3697 pars
527 3635 569 3682 est
593 3627 651 3696 hic,
703 3627 741 3700 S,
763 3641 836 3698 quae
857 3628 889 3682 in
907 3625 1006 3682 eodem
1021 3625 1292 3693 officiosamprae-

63 3724 147 3778 cuius
181 3721 249 3778 talis
283 3731 326 3779 est
360 3738 450 3778 casus.
505 3722 652 3791 Quaedam
703 3725 798 3792 cessit,
814 3719 1197 3790 testamentumcondidisse,
1213 3717 1290 3790 quod

63 3817 211 3875 abbatissa
238 3817 390 3875 cniusdam
410 3821 582 3876 monosterii
602 3835 653 3875 no·
702 3819 856 3876 videbatur
869 3835 953 3890 posse
967 3819 1109 3886 excusari,
1125 3817 1195 3890 quia
1208 3831 1291 3887 prae-

62 3917 141 3972 mine
172 3917 273 3987 syrica
288 3911 314 3989 ⁸)
344 3915 487 3972 decedens
519 3915 654 3973 condidit
702 3917 762 3972 iata
783 3918 810 3972 S.
832 3931 990 3988 numquam
1011 3922 1119 3971 vestem
1139 3913 1292 3969 monacha·

62 4019 262 4069 testamentum
291 4012 449 4086 derebus,
478 4030 549 4086 qnos
573 4015 654 4069 velut
702 4015 760 4069 lem
780 4012 914 4068 induerat
935 4013 1019 4085 quasi
1040 4029 1077 4069 ex
1096 4013 1156 4068 loci
1173 4025 1291 4067 consue·

62 4110 195 4180 proprias
208 4109 379 4181 possidebat
388 4104 415 4183 ⁴)
437 4109 506 4165 dum
523 4111 651 4180 virebat,
702 4109 814 4166 tudine.
849 4109 940 4166 Nobis
963 4117 1057 4166 autem
1079 4109 1194 4165 videtur
1208 4114 1291 4162 testa-

62 4213 236 4280 etmagnam
250 4214 360 4277 partem
381 4221 497 4262 suorum
510 4207 652 4264 bonorum
702 4215 829 4264 mentum
850 4224 907 4264 non
929 4208 1043 4275 valere,
1066 4207 1147 4278 qnia,
1174 4205 1200 4259 si
1220 4221 1292 4260 non·

62 4302 178 4358 cuidam
192 4303 332 4374 hospitali
347 4303 473 4373 reliquit.
510 4303 653 4360 Successit
703 4305 771 4361 durn
782 4305 886 4360 induta
897 4305 960 4373 init,
972 4312 1004 4360 ut
1014 4303 1123 4370 debuit,
1135 4302 1190 4358 hoc
1198 4301 1293 4373 potuit

63 4399 91 4456 ei
122 4400 181 4456 alia
210 4401 328 4457 nomine
359 4398 542 4469 Gabiniana,
578 4417 652 4473 quae
702 4401 741 4459 ad
761 4403 878 4475 culpam
899 4401 1029 4474 episcopi
1049 4400 1210 4472 pertinere,
1232 4414 1290 4454 non

132 4633 255 4690 Ludii.
269 4633 397 4690 aeia·
429 4635 530 4702 ¹)00d.
545 4638 648 4691 testibus.
701 4639 724 4703 αι
739 4635 889 4693 Codices.
942 4639 964 4704 ³)
979 4637 1135 4693 Qud-scitu.
1188 4635 1211 4703 ⁴)
1225 4634 1292 4689 cod.

113 4733 328 4780 ammonemus.
1031 4739 1079 4813 22
