<?xml version="1.0" encoding="UTF-8"?>
<!DOCTYPE html PUBLIC "-//W3C//DTD XHTML 1.0 Transitional//EN"
    "http://www.w3.org/TR/xhtml1/DTD/xhtml1-transitional.dtd">
<html xmlns="http://www.w3.org/1999/xhtml" xml:lang="en" lang="en">
 <head>
  <title>
</title>
<meta http-equiv="Content-Type" content="text/html;charset=utf-8" />
  <meta name='ocr-system' content='tesseract 3.04.00' />
  <meta name='ocr-capabilities' content='ocr_page ocr_carea ocr_par ocr_line ocrx_word'/>
</head>
<body>
  <div class='ocr_page' id='page_1' title='image "./summadecretaliu00laspgoog_0085.png"; bbox 0 0 3098 5184; ppageno 0'>
   <div class='ocr_carea' id='block_1_1' title="bbox 240 211 1188 274">
    <p class='ocr_par' dir='ltr' id='par_1_1' title="bbox 240 211 1188 274">
     <span class='ocr_line' id='line_1_1' title="bbox 240 211 1188 274; baseline -0.004 -2"><span class='ocrx_word' id='word_1_1' title='bbox 240 211 278 274; x_wconf 89' lang='grc'><strong>16</strong></span> <span class='ocrx_word' id='word_1_2' title='bbox 521 213 718 272; x_wconf 84' lang='lat' dir='ltr'>BERNARDI</span> <span class='ocrx_word' id='word_1_3' title='bbox 739 214 877 272; x_wconf 83' lang='lat' dir='ltr'>SUMMA</span> <span class='ocrx_word' id='word_1_4' title='bbox 899 212 1188 270; x_wconf 78' lang='lat' dir='ltr'><strong>DECRETALIUM.</strong></span> 
     </span>
    </p>
   </div>
   <div class='ocr_carea' id='block_1_2' title="bbox 667 586 1054 672">
    <p class='ocr_par' dir='ltr' id='par_1_2' title="bbox 667 586 1054 672">
     <span class='ocr_line' id='line_1_2' title="bbox 667 586 1054 672; baseline 0.003 -1"><span class='ocrx_word' id='word_1_5' title='bbox 667 586 839 672; x_wconf 78' lang='lat' dir='ltr'><strong>lllllllld</strong></span> <span class='ocrx_word' id='word_1_6' title='bbox 865 586 1054 672; x_wconf 80' lang='lat' dir='ltr'><strong>iti-ll.</strong></span> 
     </span>
    </p>
   </div>
   <div class='ocr_carea' id='block_1_3' title="bbox 363 759 1358 835">
    <p class='ocr_par' dir='ltr' id='par_1_3' title="bbox 363 759 1358 835">
     <span class='ocr_line' id='line_1_3' title="bbox 363 759 1358 835; baseline 0 -15"><span class='ocrx_word' id='word_1_7' title='bbox 363 761 407 821; x_wconf 86' lang='lat' dir='ltr'><strong>lte</strong></span> <span class='ocrx_word' id='word_1_8' title='bbox 437 761 571 820; x_wconf 85' lang='lat' dir='ltr'><strong>otitcto</strong></span> <span class='ocrx_word' id='word_1_9' title='bbox 600 761 860 820; x_wconf 83' lang='lat' dir='ltr'><strong>archidiaconi</strong></span> <span class='ocrx_word' id='word_1_10' title='bbox 888 763 923 820; x_wconf 87' lang='lat' dir='ltr'><strong>et</strong></span> <span class='ocrx_word' id='word_1_11' title='bbox 951 759 1278 835; x_wconf 79' lang='lat' dir='ltr'><strong>archipresbyteri</strong></span> <span class='ocrx_word' id='word_1_12' title='bbox 1306 761 1358 820; x_wconf 88' lang='lat' dir='ltr'><strong>ctc.</strong></span> 
     </span>
    </p>
   </div>
   <div class='ocr_carea' id='block_1_4' title="bbox 244 933 1484 2123">
    <p class='ocr_par' dir='ltr' id='par_1_4' title="bbox 244 933 1484 2123">
     <span class='ocr_line' id='line_1_4' title="bbox 326 933 1481 1023; baseline -0.003 -21"><span class='ocrx_word' id='word_1_13' title='bbox 326 936 489 1022; x_wconf 83' lang='lat' dir='ltr'><strong>Explicito</strong></span> <span class='ocrx_word' id='word_1_14' title='bbox 517 959 574 1023; x_wconf 91' lang='lat' dir='ltr'><strong>per</strong></span> <span class='ocrx_word' id='word_1_15' title='bbox 601 937 665 1002; x_wconf 88' lang='lat' dir='ltr'><strong>Dei</strong></span> <span class='ocrx_word' id='word_1_16' title='bbox 696 937 831 1023; x_wconf 79' lang='lat' dir='ltr'><strong>gratiam</strong></span> <span class='ocrx_word' id='word_1_17' title='bbox 862 945 998 1001; x_wconf 72' lang='lat' dir='ltr'><strong>bactatu</strong></span> <span class='ocrx_word' id='word_1_18' title='bbox 1027 935 1291 1013; x_wconf 87' lang='lat' dir='ltr'><strong>ordinandorum,</strong></span> <span class='ocrx_word' id='word_1_19' title='bbox 1322 955 1409 999; x_wconf 91' lang='lat' dir='ltr'><strong>nunc</strong></span> <span class='ocrx_word' id='word_1_20' title='bbox 1441 933 1481 998; x_wconf 90' lang='lat' dir='ltr'><strong>de</strong></span> 
     </span>
     <span class='ocr_line' id='line_1_5' title="bbox 244 1033 1482 1133; baseline -0.002 -22"><span class='ocrx_word' id='word_1_21' title='bbox 244 1046 433 1133; x_wconf 81' lang='lat' dir='ltr'><strong>dignitatum</strong></span> <span class='ocrx_word' id='word_1_22' title='bbox 456 1047 569 1112; x_wconf 86' lang='lat' dir='ltr'><strong>officiis</strong></span> <span class='ocrx_word' id='word_1_23' title='bbox 583 1051 605 1129; x_wconf 85' lang='lat'><strong>¹)</strong></span> <span class='ocrx_word' id='word_1_24' title='bbox 630 1047 802 1112; x_wconf 89' lang='lat' dir='ltr'><strong>videamus.</strong></span> <span class='ocrx_word' id='word_1_25' title='bbox 847 1046 997 1112; x_wconf 85' lang='lat' dir='ltr'><strong>Ceterum</strong></span> <span class='ocrx_word' id='word_1_26' title='bbox 1008 1049 1033 1127; x_wconf 79' lang='lat'><strong>²)</strong></span> <span class='ocrx_word' id='word_1_27' title='bbox 1055 1047 1140 1112; x_wconf 91' lang='lat' dir='ltr'><strong>circa</strong></span> <span class='ocrx_word' id='word_1_28' title='bbox 1160 1033 1302 1110; x_wconf 83' lang='lat' dir='ltr'><strong>cilicium</strong></span> <span class='ocrx_word' id='word_1_29' title='bbox 1323 1044 1482 1110; x_wconf 87' lang='lat' dir='ltr'><strong>archidia-</strong></span> 
     </span>
     <span class='ocr_line' id='line_1_6' title="bbox 245 1154 1481 1258; baseline -0.002 -37"><span class='ocrx_word' id='word_1_30' title='bbox 245 1158 317 1222; x_wconf 83' lang='lat' dir='ltr'><strong>coni</strong></span> <span class='ocrx_word' id='word_1_31' title='bbox 338 1158 554 1242; x_wconf 90' lang='lat' dir='ltr'><strong>quaerendum</strong></span> <span class='ocrx_word' id='word_1_32' title='bbox 575 1158 714 1258; x_wconf 73' lang='lat' dir='ltr'><strong>videtur,</strong></span> <span class='ocrx_word' id='word_1_33' title='bbox 737 1179 793 1221; x_wconf 91' lang='lat' dir='ltr'><strong>cur</strong></span> <span class='ocrx_word' id='word_1_34' title='bbox 814 1157 916 1222; x_wconf 89' lang='lat' dir='ltr'><strong>maior</strong></span> <span class='ocrx_word' id='word_1_35' title='bbox 937 1154 1208 1242; x_wconf 83' lang='lat' dir='ltr'><strong>archipresbytero</strong></span> <span class='ocrx_word' id='word_1_36' title='bbox 1236 1155 1375 1234; x_wconf 90' lang='lat' dir='ltr'><strong>dicatur,</strong></span> <span class='ocrx_word' id='word_1_37' title='bbox 1406 1176 1481 1218; x_wconf 92' lang='lat' dir='ltr'><strong>cum</strong></span> 
     </span>
     <span class='ocr_line' id='line_1_7' title="bbox 245 1261 1483 1354; baseline -0.003 -22"><span class='ocrx_word' id='word_1_38' title='bbox 245 1277 367 1333; x_wconf 89' lang='lat' dir='ltr'><strong>constet</strong></span> <span class='ocrx_word' id='word_1_39' title='bbox 387 1266 607 1354; x_wconf 88' lang='lat' dir='ltr'><strong>presbyterum</strong></span> <span class='ocrx_word' id='word_1_40' title='bbox 628 1267 762 1332; x_wconf 90' lang='lat' dir='ltr'><strong>diacono</strong></span> <span class='ocrx_word' id='word_1_41' title='bbox 783 1267 950 1344; x_wconf 88' lang='lat' dir='ltr'><strong>maiorem,</strong></span> <span class='ocrx_word' id='word_1_42' title='bbox 976 1267 1061 1331; x_wconf 89' lang='lat' dir='ltr'><strong>unde</strong></span> <span class='ocrx_word' id='word_1_43' title='bbox 1080 1266 1206 1331; x_wconf 88' lang='lat' dir='ltr'><strong>videtur</strong></span> <span class='ocrx_word' id='word_1_44' title='bbox 1227 1261 1483 1350; x_wconf 80' lang='lat' dir='ltr'><strong>archipresbyter</strong></span> 
     </span>
     <span class='ocr_line' id='line_1_8' title="bbox 246 1374 1483 1458; baseline -0.003 -16"><span class='ocrx_word' id='word_1_45' title='bbox 246 1377 467 1442; x_wconf 87' lang='lat' dir='ltr'><strong>archidiacono</strong></span> <span class='ocrx_word' id='word_1_46' title='bbox 482 1379 506 1458; x_wconf 70' lang='grc'><strong>3)</strong></span> <span class='ocrx_word' id='word_1_47' title='bbox 535 1377 644 1442; x_wconf 90' lang='lat' dir='ltr'><strong>maior.</strong></span> <span class='ocrx_word' id='word_1_48' title='bbox 694 1376 760 1443; x_wconf 88' lang='lat' dir='ltr'><strong>Sed</strong></span> <span class='ocrx_word' id='word_1_49' title='bbox 780 1376 941 1441; x_wconf 89' lang='lat' dir='ltr'><strong>maioritas</strong></span> <span class='ocrx_word' id='word_1_50' title='bbox 963 1376 1077 1442; x_wconf 91' lang='lat' dir='ltr'><strong>dicitur</strong></span> <span class='ocrx_word' id='word_1_51' title='bbox 1097 1375 1149 1440; x_wconf 91' lang='lat' dir='ltr'><strong>hic</strong></span> <span class='ocrx_word' id='word_1_52' title='bbox 1170 1397 1234 1442; x_wconf 90' lang='lat' dir='ltr'><strong>non</strong></span> <span class='ocrx_word' id='word_1_53' title='bbox 1255 1374 1390 1453; x_wconf 82' lang='lat' dir='ltr'><strong>ordinis,</strong></span> <span class='ocrx_word' id='word_1_54' title='bbox 1424 1374 1483 1439; x_wconf 89' lang='lat' dir='ltr'><strong>sed</strong></span> 
     </span>
     <span class='ocr_line' id='line_1_9' title="bbox 246 1484 1483 1572; baseline -0.003 -20"><span class='ocrx_word' id='word_1_55' title='bbox 246 1486 499 1572; x_wconf 83' lang='lat' dir='ltr'><strong>dispensationis,</strong></span> <span class='ocrx_word' id='word_1_56' title='bbox 522 1487 602 1551; x_wconf 90' lang='lat' dir='ltr'><strong>sicut</strong></span> <span class='ocrx_word' id='word_1_57' title='bbox 620 1496 651 1552; x_wconf 91' lang='lat' dir='ltr'><strong>et</strong></span> <span class='ocrx_word' id='word_1_58' title='bbox 664 1486 778 1552; x_wconf 88' lang='lat' dir='ltr'><strong>Petrus</strong></span> <span class='ocrx_word' id='word_1_59' title='bbox 800 1487 911 1552; x_wconf 89' lang='lat' dir='ltr'><strong>ceteris</strong></span> <span class='ocrx_word' id='word_1_60' title='bbox 933 1485 1095 1572; x_wconf 87' lang='lat' dir='ltr'><strong>discipulis</strong></span> <span class='ocrx_word' id='word_1_61' title='bbox 1116 1485 1254 1572; x_wconf 86' lang='lat' dir='ltr'><strong>praefuit</strong></span> <span class='ocrx_word' id='word_1_62' title='bbox 1275 1508 1339 1551; x_wconf 93' lang='lat' dir='ltr'><strong>non</strong></span> <span class='ocrx_word' id='word_1_63' title='bbox 1360 1484 1483 1562; x_wconf 89' lang='lat' dir='ltr'><strong>ordine,</strong></span> 
     </span>
     <span class='ocr_line' id='line_1_10' title="bbox 248 1595 1484 1682; baseline -0.001 -23"><span class='ocrx_word' id='word_1_64' title='bbox 248 1597 302 1662; x_wconf 90' lang='lat' dir='ltr'><strong>sed</strong></span> <span class='ocrx_word' id='word_1_65' title='bbox 326 1596 569 1682; x_wconf 83' lang='lat' dir='ltr'><strong>dispensatione,</strong></span> <span class='ocrx_word' id='word_1_66' title='bbox 590 1606 626 1661; x_wconf 90' lang='lat' dir='ltr'><strong>ut</strong></span> <span class='ocrx_word' id='word_1_67' title='bbox 638 1596 693 1662; x_wconf 91' lang='lat' dir='ltr'><strong>Di.</strong></span> <span class='ocrx_word' id='word_1_68' title='bbox 706 1597 806 1662; x_wconf 90' lang='lat' dir='ltr'>XXI.</span> <span class='ocrx_word' id='word_1_69' title='bbox 817 1597 842 1679; x_wconf 60' lang='grc' dir='ltr'><strong>ι)</strong></span> <span class='ocrx_word' id='word_1_70' title='bbox 861 1602 901 1662; x_wconf 84' lang='lat' dir='ltr'><strong>la</strong></span> <span class='ocrx_word' id='word_1_71' title='bbox 922 1620 1002 1662; x_wconf 82' lang='lat' dir='ltr'><strong>novo</strong></span> <span class='ocrx_word' id='word_1_72' title='bbox 1024 1603 1063 1676; x_wconf 87' lang='lat' dir='ltr'><strong>(c.</strong></span> <span class='ocrx_word' id='word_1_73' title='bbox 1079 1599 1128 1675; x_wconf 88' lang='lat'><strong>2);</strong></span> <span class='ocrx_word' id='word_1_74' title='bbox 1151 1595 1202 1661; x_wconf 89' lang='lat' dir='ltr'><strong>vel</strong></span> <span class='ocrx_word' id='word_1_75' title='bbox 1211 1598 1236 1675; x_wconf 82' lang='lat'><strong>⁵)</strong></span> <span class='ocrx_word' id='word_1_76' title='bbox 1258 1595 1355 1673; x_wconf 88' lang='lat' dir='ltr'><strong>dicas,</strong></span> <span class='ocrx_word' id='word_1_77' title='bbox 1378 1595 1484 1659; x_wconf 87' lang='lat' dir='ltr'><strong>archi-</strong></span> 
     </span>
     <span class='ocr_line' id='line_1_11' title="bbox 247 1704 1484 1794; baseline -0.002 -23"><span class='ocrx_word' id='word_1_78' title='bbox 247 1707 415 1772; x_wconf 91' lang='lat' dir='ltr'><strong>diaconum</strong></span> <span class='ocrx_word' id='word_1_79' title='bbox 425 1709 450 1788; x_wconf 77' lang='grc'><strong>6)</strong></span> <span class='ocrx_word' id='word_1_80' title='bbox 474 1707 745 1794; x_wconf 85' lang='lat' dir='ltr'><strong>archipresbytero</strong></span> <span class='ocrx_word' id='word_1_81' title='bbox 768 1719 799 1774; x_wconf 92' lang='lat' dir='ltr'><strong>et</strong></span> <span class='ocrx_word' id='word_1_82' title='bbox 820 1708 971 1773; x_wconf 87' lang='lat' dir='ltr'><strong>maiorem</strong></span> <span class='ocrx_word' id='word_1_83' title='bbox 994 1729 1063 1772; x_wconf 86' lang='lat' dir='ltr'><strong>esse</strong></span> <span class='ocrx_word' id='word_1_84' title='bbox 1084 1715 1116 1770; x_wconf 91' lang='lat' dir='ltr'><strong>et</strong></span> <span class='ocrx_word' id='word_1_85' title='bbox 1135 1706 1306 1783; x_wconf 87' lang='lat' dir='ltr'><strong>minorem,</strong></span> <span class='ocrx_word' id='word_1_86' title='bbox 1328 1704 1484 1769; x_wconf 88' lang='lat' dir='ltr'><strong>maiorem</strong></span> 
     </span>
     <span class='ocr_line' id='line_1_12' title="bbox 247 1813 1484 1902; baseline -0.003 -21"><span class='ocrx_word' id='word_1_87' title='bbox 247 1817 280 1880; x_wconf 93' lang='lat' dir='ltr'><strong>in</strong></span> <span class='ocrx_word' id='word_1_88' title='bbox 300 1817 368 1895; x_wconf 89' lang='lat' dir='ltr'><strong>his,</strong></span> <span class='ocrx_word' id='word_1_89' title='bbox 397 1840 478 1902; x_wconf 89' lang='lat' dir='ltr'><strong>quae</strong></span> <span class='ocrx_word' id='word_1_90' title='bbox 508 1817 548 1882; x_wconf 91' lang='lat' dir='ltr'><strong>ad</strong></span> <span class='ocrx_word' id='word_1_91' title='bbox 569 1839 603 1882; x_wconf 95' lang='lat' dir='ltr'><strong>se</strong></span> <span class='ocrx_word' id='word_1_92' title='bbox 618 1821 662 1899; x_wconf 83' lang='grc'><strong>7),</strong></span> <span class='ocrx_word' id='word_1_93' title='bbox 690 1819 844 1884; x_wconf 88' lang='lat' dir='ltr'><strong>minorem</strong></span> <span class='ocrx_word' id='word_1_94' title='bbox 867 1819 900 1882; x_wconf 96' lang='lat' dir='ltr'><strong>in</strong></span> <span class='ocrx_word' id='word_1_95' title='bbox 920 1817 985 1896; x_wconf 89' lang='lat' dir='ltr'><strong>his,</strong></span> <span class='ocrx_word' id='word_1_96' title='bbox 1008 1837 1089 1902; x_wconf 91' lang='lat' dir='ltr'><strong>quae</strong></span> <span class='ocrx_word' id='word_1_97' title='bbox 1112 1816 1153 1880; x_wconf 89' lang='lat' dir='ltr'><strong>ad</strong></span> <span class='ocrx_word' id='word_1_98' title='bbox 1175 1813 1484 1900; x_wconf 87' lang='lat' dir='ltr'><strong>archipresbyterum</strong></span> 
     </span>
     <span class='ocr_line' id='line_1_13' title="bbox 247 1923 1484 2014; baseline -0.004 -22"><span class='ocrx_word' id='word_1_99' title='bbox 247 1937 406 2014; x_wconf 84' lang='lat' dir='ltr'><strong>spectant3</strong></span> <span class='ocrx_word' id='word_1_100' title='bbox 444 1927 545 1992; x_wconf 94' lang='lat' dir='ltr'><strong>simile</strong></span> <span class='ocrx_word' id='word_1_101' title='bbox 582 1927 662 1992; x_wconf 84' lang='lat' dir='ltr'><strong>Ood.</strong></span> <span class='ocrx_word' id='word_1_102' title='bbox 702 1929 742 1993; x_wconf 92' lang='lat' dir='ltr'><strong>de</strong></span> <span class='ocrx_word' id='word_1_103' title='bbox 775 1927 858 1992; x_wconf 85' lang='lat' dir='ltr'><strong>offic.</strong></span> <span class='ocrx_word' id='word_1_104' title='bbox 889 1926 999 1992; x_wconf 88' lang='lat' dir='ltr'><strong>vicarii</strong></span> <span class='ocrx_word' id='word_1_105' title='bbox 1036 1935 1068 1990; x_wconf 91' lang='lat' dir='ltr'><strong>et</strong></span> <span class='ocrx_word' id='word_1_106' title='bbox 1101 1924 1202 2012; x_wconf 81' lang='lat' dir='ltr'><strong>praef.</strong></span> <span class='ocrx_word' id='word_1_107' title='bbox 1237 1925 1278 1989; x_wconf 92' lang='lat' dir='ltr'><strong>L.</strong></span> <span class='ocrx_word' id='word_1_108' title='bbox 1296 1929 1323 1992; x_wconf 87' lang='lat' dir='ltr'><strong>i.</strong></span> <span class='ocrx_word' id='word_1_109' title='bbox 1365 1923 1484 1990; x_wconf 88' lang='lat' dir='ltr'><strong>Cetera</strong></span> 
     </span>
     <span class='ocr_line' id='line_1_14' title="bbox 248 2037 507 2123; baseline -0.008 -20"><span class='ocrx_word' id='word_1_110' title='bbox 248 2037 324 2103; x_wconf 87' lang='lat' dir='ltr'><strong>satis</strong></span> <span class='ocrx_word' id='word_1_111' title='bbox 347 2047 458 2123; x_wconf 90' lang='lat' dir='ltr'><strong>patent</strong></span> <span class='ocrx_word' id='word_1_112' title='bbox 472 2039 507 2116; x_wconf 60' lang='grc' dir='ltr'><strong>Β).</strong></span> 
     </span>
    </p>
   </div>
   <div class='ocr_carea' id='block_1_5' title="bbox 410 2302 1323 2554">
    <p class='ocr_par' dir='ltr' id='par_1_5' title="bbox 410 2302 1323 2554">
     <span class='ocr_line' id='line_1_15' title="bbox 726 2302 1007 2389; baseline 0.007 -2"><span class='ocrx_word' id='word_1_113' title='bbox 726 2302 898 2388; x_wconf 79' lang='lat' dir='ltr'><strong>illitis</strong></span> <span class='ocrx_word' id='word_1_114' title='bbox 924 2304 1007 2389; x_wconf 87' lang='lat' dir='ltr'><strong>llll.</strong></span> 
     </span>
     <span class='ocr_line' id='line_1_16' title="bbox 410 2477 1323 2554; baseline 0 -18"><span class='ocrx_word' id='word_1_115' title='bbox 410 2478 453 2536; x_wconf 72' lang='lat' dir='ltr'><strong>os</strong></span> <span class='ocrx_word' id='word_1_116' title='bbox 482 2477 617 2538; x_wconf 71' lang='lat' dir='ltr'><strong>intuo</strong></span> <span class='ocrx_word' id='word_1_117' title='bbox 646 2481 681 2538; x_wconf 69' lang='lat' dir='ltr'><strong>cr</strong></span> <span class='ocrx_word' id='word_1_118' title='bbox 707 2482 901 2553; x_wconf 78' lang='lat' dir='ltr'><strong>potestate</strong></span> <span class='ocrx_word' id='word_1_119' title='bbox 925 2477 949 2554; x_wconf 80' lang='lat'><strong>¹)</strong></span> <span class='ocrx_word' id='word_1_120' title='bbox 981 2479 1117 2538; x_wconf 73' lang='lat' dir='ltr'><strong>turtur</strong></span> <span class='ocrx_word' id='word_1_121' title='bbox 1145 2477 1323 2550; x_wconf 66' lang='lat' dir='ltr'><strong>relegati.</strong></span> 
     </span>
    </p>
   </div>
   <div class='ocr_carea' id='block_1_6' title="bbox 142 2649 1491 3620">
    <p class='ocr_par' dir='ltr' id='par_1_6' title="bbox 249 2649 1487 2849">
     <span class='ocr_line' id='line_1_17' title="bbox 335 2649 1487 2740; baseline -0.002 -24"><span class='ocrx_word' id='word_1_122' title='bbox 335 2649 421 2734; x_wconf 86' lang='lat' dir='ltr'><strong>Quia</strong></span> <span class='ocrx_word' id='word_1_123' title='bbox 441 2652 538 2718; x_wconf 89' lang='lat' dir='ltr'><strong>iudex</strong></span> <span class='ocrx_word' id='word_1_124' title='bbox 561 2651 724 2740; x_wconf 86' lang='lat' dir='ltr'><strong>delegatus</strong></span> <span class='ocrx_word' id='word_1_125' title='bbox 747 2655 833 2720; x_wconf 88' lang='lat' dir='ltr'><strong>vices</strong></span> <span class='ocrx_word' id='word_1_126' title='bbox 861 2661 947 2718; x_wconf 90' lang='lat' dir='ltr'><strong>tenet</strong></span> <span class='ocrx_word' id='word_1_127' title='bbox 967 2653 1034 2718; x_wconf 90' lang='lat' dir='ltr'><strong>eius</strong></span> <span class='ocrx_word' id='word_1_128' title='bbox 1057 2675 1161 2738; x_wconf 90' lang='lat' dir='ltr'><strong>aquo</strong></span> <span class='ocrx_word' id='word_1_129' title='bbox 1190 2651 1371 2738; x_wconf 86' lang='lat' dir='ltr'><strong>delegatur,</strong></span> <span class='ocrx_word' id='word_1_130' title='bbox 1400 2659 1487 2716; x_wconf 89' lang='lat' dir='ltr'><strong>recte</strong></span> 
     </span>
     <span class='ocr_line' id='line_1_18' title="bbox 249 2760 1487 2849; baseline -0.002 -23"><span class='ocrx_word' id='word_1_131' title='bbox 249 2769 323 2848; x_wconf 90' lang='lat' dir='ltr'><strong>post</strong></span> <span class='ocrx_word' id='word_1_132' title='bbox 342 2760 483 2826; x_wconf 85' lang='lat' dir='ltr'><strong>officium</strong></span> <span class='ocrx_word' id='word_1_133' title='bbox 504 2762 614 2826; x_wconf 88' lang='lat' dir='ltr'><strong>vicarii</strong></span> <span class='ocrx_word' id='word_1_134' title='bbox 637 2763 742 2849; x_wconf 85' lang='lat' dir='ltr'><strong>agitur</strong></span> <span class='ocrx_word' id='word_1_135' title='bbox 762 2763 801 2827; x_wconf 92' lang='lat' dir='ltr'><strong>de</strong></span> <span class='ocrx_word' id='word_1_136' title='bbox 823 2762 929 2829; x_wconf 83' lang='lat' dir='ltr'><strong>officio</strong></span> <span class='ocrx_word' id='word_1_137' title='bbox 946 2763 1059 2828; x_wconf 89' lang='lat' dir='ltr'><strong>iudicis</strong></span> <span class='ocrx_word' id='word_1_138' title='bbox 1075 2761 1221 2848; x_wconf 85' lang='lat' dir='ltr'><strong>delegati,</strong></span> <span class='ocrx_word' id='word_1_139' title='bbox 1244 2761 1299 2828; x_wconf 91' lang='lat' dir='ltr'><strong>ubi</strong></span> <span class='ocrx_word' id='word_1_140' title='bbox 1313 2760 1487 2826; x_wconf 89' lang='lat' dir='ltr'><strong>videndum</strong></span> 
     </span>
    </p>

    <p class='ocr_par' dir='ltr' id='par_1_7' title="bbox 142 2853 1486 3069">
     <span class='ocr_line' id='line_1_19' title="bbox 251 2853 1486 2960; baseline -0.002 -24"><span class='ocrx_word' id='word_1_141' title='bbox 251 2881 314 2949; x_wconf 87' lang='lat' dir='ltr'><strong>est,</strong></span> <span class='ocrx_word' id='word_1_142' title='bbox 343 2871 413 2956; x_wconf 92' lang='lat' dir='ltr'><strong>quis</strong></span> <span class='ocrx_word' id='word_1_143' title='bbox 441 2871 563 2937; x_wconf 81' lang='lat' dir='ltr'><strong>dicatrrr</strong></span> <span class='ocrx_word' id='word_1_144' title='bbox 590 2872 686 2937; x_wconf 89' lang='lat' dir='ltr'><strong>iudex</strong></span> <span class='ocrx_word' id='word_1_145' title='bbox 715 2873 907 2951; x_wconf 91' lang='lat' dir='ltr'><strong>ordinarius,</strong></span> <span class='ocrx_word' id='word_1_146' title='bbox 937 2871 1007 2958; x_wconf 89' lang='lat' dir='ltr'><strong>quis</strong></span> <span class='ocrx_word' id='word_1_147' title='bbox 1036 2872 1218 2960; x_wconf 87' lang='lat' dir='ltr'><strong>delegatus,</strong></span> <span class='ocrx_word' id='word_1_148' title='bbox 1245 2853 1486 2956; x_wconf 50' lang='lat' dir='ltr'><strong>quid&#39;officium</strong></span> 
     </span>
     <span class='ocr_line' id='line_1_20' title="bbox 142 2965 1072 3069; baseline 0.002 -24"><span class='ocrx_word' id='word_1_149' title='bbox 142 2965 148 2970; x_wconf 42' lang='lat'>⁵</span> <span class='ocrx_word' id='word_1_150' title='bbox 250 2981 397 3068; x_wconf 88' lang='lat' dir='ltr'><strong>delegati,</strong></span> <span class='ocrx_word' id='word_1_151' title='bbox 421 3003 502 3066; x_wconf 91' lang='lat' dir='ltr'><strong>quae</strong></span> <span class='ocrx_word' id='word_1_152' title='bbox 522 2991 678 3069; x_wconf 83' lang='lat' dir='ltr'><strong>potestas,</strong></span> <span class='ocrx_word' id='word_1_153' title='bbox 702 2992 733 3047; x_wconf 96' lang='lat' dir='ltr'><strong>et</strong></span> <span class='ocrx_word' id='word_1_154' title='bbox 754 2993 908 3068; x_wconf 89' lang='lat' dir='ltr'><strong>quantum</strong></span> <span class='ocrx_word' id='word_1_155' title='bbox 930 2982 1021 3047; x_wconf 89' lang='lat' dir='ltr'><strong>duret</strong></span> <span class='ocrx_word' id='word_1_156' title='bbox 1035 2985 1072 3061; x_wconf 83' lang='lat'><strong>²).</strong></span> 
     </span>
    </p>

    <p class='ocr_par' dir='ltr' id='par_1_8' title="bbox 251 3089 1491 3620">
     <span class='ocr_line' id='line_1_21' title="bbox 333 3089 1485 3178; baseline -0.003 -21"><span class='ocrx_word' id='word_1_157' title='bbox 333 3096 352 3171; x_wconf 66' lang='grc' dir='ltr'><strong>ξ</strong></span> <span class='ocrx_word' id='word_1_158' title='bbox 369 3095 396 3157; x_wconf 88' lang='grc'><strong>1.</strong></span> <span class='ocrx_word' id='word_1_159' title='bbox 440 3090 629 3158; x_wconf 88' lang='lat' dir='ltr'><strong>Ordinarius</strong></span> <span class='ocrx_word' id='word_1_160' title='bbox 657 3093 754 3158; x_wconf 90' lang='lat' dir='ltr'><strong>iudex</strong></span> <span class='ocrx_word' id='word_1_161' title='bbox 784 3093 907 3178; x_wconf 89' lang='lat' dir='ltr'><strong>estqui</strong></span> <span class='ocrx_word' id='word_1_162' title='bbox 928 3093 962 3156; x_wconf 94' lang='lat' dir='ltr'><strong>in</strong></span> <span class='ocrx_word' id='word_1_163' title='bbox 983 3091 1203 3158; x_wconf 88' lang='lat' dir='ltr'><strong>ecclesiasticis</strong></span> <span class='ocrx_word' id='word_1_164' title='bbox 1227 3090 1267 3157; x_wconf 91' lang='lat' dir='ltr'><strong>ab</strong></span> <span class='ocrx_word' id='word_1_165' title='bbox 1284 3089 1485 3178; x_wconf 87' lang='lat' dir='ltr'><strong>Apostolico,</strong></span> 
     </span>
     <span class='ocr_line' id='line_1_22' title="bbox 251 3200 1486 3288; baseline -0.002 -23"><span class='ocrx_word' id='word_1_166' title='bbox 251 3201 285 3265; x_wconf 93' lang='lat' dir='ltr'><strong>in</strong></span> <span class='ocrx_word' id='word_1_167' title='bbox 306 3200 499 3266; x_wconf 88' lang='lat' dir='ltr'><strong>secularibus</strong></span> <span class='ocrx_word' id='word_1_168' title='bbox 521 3200 561 3266; x_wconf 91' lang='lat' dir='ltr'><strong>ab</strong></span> <span class='ocrx_word' id='word_1_169' title='bbox 583 3201 778 3288; x_wconf 88' lang='lat' dir='ltr'><strong>Imperatore</strong></span> <span class='ocrx_word' id='word_1_170' title='bbox 799 3202 928 3267; x_wconf 89' lang='lat' dir='ltr'><strong>totalem</strong></span> <span class='ocrx_word' id='word_1_171' title='bbox 943 3202 1103 3287; x_wconf 90' lang='lat' dir='ltr'><strong>quandam</strong></span> <span class='ocrx_word' id='word_1_172' title='bbox 1117 3200 1213 3267; x_wconf 90' lang='lat' dir='ltr'><strong>habet</strong></span> <span class='ocrx_word' id='word_1_173' title='bbox 1226 3200 1486 3266; x_wconf 88' lang='lat' dir='ltr'><strong>iurisdictionem.</strong></span> 
     </span>
     <span class='ocr_line' id='line_1_23' title="bbox 252 3310 1489 3398; baseline -0.002 -20"><span class='ocrx_word' id='word_1_174' title='bbox 252 3313 316 3390; x_wconf 69' lang='lat'><strong>§2</strong></span> <span class='ocrx_word' id='word_1_175' title='bbox 354 3310 531 3397; x_wconf 87' lang='lat' dir='ltr'><strong>Delegatus</strong></span> <span class='ocrx_word' id='word_1_176' title='bbox 559 3333 635 3376; x_wconf 86' lang='lat' dir='ltr'><strong>vero</strong></span> <span class='ocrx_word' id='word_1_177' title='bbox 664 3311 794 3391; x_wconf 85' lang='lat' dir='ltr'><strong>dicitur,</strong></span> <span class='ocrx_word' id='word_1_178' title='bbox 821 3312 873 3376; x_wconf 92' lang='lat' dir='ltr'><strong>cui</strong></span> <span class='ocrx_word' id='word_1_179' title='bbox 901 3311 941 3377; x_wconf 88' lang='lat' dir='ltr'><strong>ab</strong></span> <span class='ocrx_word' id='word_1_180' title='bbox 971 3311 1128 3377; x_wconf 89' lang='lat' dir='ltr'><strong>ordinario</strong></span> <span class='ocrx_word' id='word_1_181' title='bbox 1154 3311 1261 3398; x_wconf 89' lang='lat' dir='ltr'><strong>aliqua</strong></span> <span class='ocrx_word' id='word_1_182' title='bbox 1281 3332 1379 3376; x_wconf 84' lang='lat' dir='ltr'><strong>causa</strong></span> <span class='ocrx_word' id='word_1_183' title='bbox 1400 3332 1489 3376; x_wconf 90' lang='lat' dir='ltr'><strong>oom-</strong></span> 
     </span>
     <span class='ocr_line' id='line_1_24' title="bbox 252 3419 1489 3508; baseline 0 -22"><span class='ocrx_word' id='word_1_184' title='bbox 252 3421 386 3486; x_wconf 91' lang='lat' dir='ltr'><strong>mittitur</strong></span> <span class='ocrx_word' id='word_1_185' title='bbox 406 3421 458 3486; x_wconf 90' lang='lat' dir='ltr'><strong>vel</strong></span> <span class='ocrx_word' id='word_1_186' title='bbox 479 3421 652 3508; x_wconf 87' lang='lat' dir='ltr'><strong>delegatur.</strong></span> <span class='ocrx_word' id='word_1_187' title='bbox 667 3463 709 3474; x_wconf 89' lang='lat'><strong>--</strong></span> <span class='ocrx_word' id='word_1_188' title='bbox 751 3423 814 3500; x_wconf 79' lang='lat'><strong>§3.</strong></span> <span class='ocrx_word' id='word_1_189' title='bbox 839 3420 994 3488; x_wconf 86' lang='lat' dir='ltr'><strong>Officium</strong></span> <span class='ocrx_word' id='word_1_190' title='bbox 1016 3430 1121 3486; x_wconf 90' lang='lat' dir='ltr'><strong>autem</strong></span> <span class='ocrx_word' id='word_1_191' title='bbox 1142 3420 1255 3486; x_wconf 88' lang='lat' dir='ltr'><strong>iudicis</strong></span> <span class='ocrx_word' id='word_1_192' title='bbox 1276 3419 1415 3508; x_wconf 85' lang='lat' dir='ltr'><strong>delegati</strong></span> <span class='ocrx_word' id='word_1_193' title='bbox 1430 3430 1489 3499; x_wconf 87' lang='lat' dir='ltr'><strong>est,</strong></span> 
     </span>
     <span class='ocr_line' id='line_1_25' title="bbox 253 3529 1491 3620; baseline 0 -25"><span class='ocrx_word' id='word_1_194' title='bbox 253 3529 420 3618; x_wconf 85' lang='lat' dir='ltr'><strong>diligenter</strong></span> <span class='ocrx_word' id='word_1_195' title='bbox 451 3530 529 3597; x_wconf 90' lang='lat' dir='ltr'><strong>fines</strong></span> <span class='ocrx_word' id='word_1_196' title='bbox 559 3531 701 3596; x_wconf 90' lang='lat' dir='ltr'><strong>mandati</strong></span> <span class='ocrx_word' id='word_1_197' title='bbox 732 3529 901 3597; x_wconf 88' lang='lat' dir='ltr'><strong>observare</strong></span> <span class='ocrx_word' id='word_1_198' title='bbox 934 3553 972 3597; x_wconf 87' lang='lat' dir='ltr'><strong>ac</strong></span> <span class='ocrx_word' id='word_1_199' title='bbox 1000 3530 1143 3620; x_wconf 89' lang='lat' dir='ltr'><strong>partibus</strong></span> <span class='ocrx_word' id='word_1_200' title='bbox 1175 3530 1371 3612; x_wconf 80' lang='lat' dir='ltr'><strong>convocatis,</strong></span> <span class='ocrx_word' id='word_1_201' title='bbox 1406 3551 1491 3616; x_wconf 88' lang='lat' dir='ltr'><strong>quae</strong></span> 
     </span>
    </p>
   </div>
   <div class='ocr_carea' id='block_1_7' title="bbox 255 3794 1493 4474">
    <p class='ocr_par' dir='ltr' id='par_1_9' title="bbox 255 3794 1493 4474">
     <span class='ocr_line' id='line_1_26' title="bbox 327 3794 1492 3864; baseline 0.001 -17"><span class='ocrx_word' id='word_1_202' title='bbox 327 3796 374 3848; x_wconf 75' lang='lat' dir='ltr'><strong>tir.</strong></span> <span class='ocrx_word' id='word_1_203' title='bbox 396 3794 506 3848; x_wconf 79' lang='lat'><em>15-20.</em></span> <span class='ocrx_word' id='word_1_204' title='bbox 526 3825 559 3834; x_wconf 89' lang='lat'>—</span> <span class='ocrx_word' id='word_1_205' title='bbox 598 3797 618 3860; x_wconf 87' lang='lat'><strong>¹)</strong></span> <span class='ocrx_word' id='word_1_206' title='bbox 637 3795 731 3851; x_wconf 88' lang='grc' dir='ltr'><strong>Μο.3</strong></span> <span class='ocrx_word' id='word_1_207' title='bbox 752 3796 782 3846; x_wconf 85' lang='lat' dir='ltr'><strong>de</strong></span> <span class='ocrx_word' id='word_1_208' title='bbox 799 3795 916 3862; x_wconf 73' lang='lat' dir='ltr'><strong>dr&#39;yar‘tatc</strong></span> <span class='ocrx_word' id='word_1_209' title='bbox 933 3796 1019 3862; x_wconf 76' lang='lat' dir='ltr'><strong>officii.</strong></span> <span class='ocrx_word' id='word_1_210' title='bbox 1078 3797 1100 3862; x_wconf 82' lang='lat'><strong>²)</strong></span> <span class='ocrx_word' id='word_1_211' title='bbox 1118 3794 1149 3848; x_wconf 92' lang='lat' dir='ltr'><strong>In</strong></span> <span class='ocrx_word' id='word_1_212' title='bbox 1169 3795 1223 3848; x_wconf 89' lang='lat' dir='ltr'><strong>Pa.</strong></span> <span class='ocrx_word' id='word_1_213' title='bbox 1244 3795 1436 3864; x_wconf 69' lang='lat' dir='ltr'><strong>provideamus</strong></span> <span class='ocrx_word' id='word_1_214' title='bbox 1455 3796 1492 3848; x_wconf 86' lang='lat' dir='ltr'><strong>le·</strong></span> 
     </span>
     <span class='ocr_line' id='line_1_27' title="bbox 255 3865 1491 3934; baseline 0.001 -17"><span class='ocrx_word' id='word_1_215' title='bbox 255 3867 326 3932; x_wconf 85' lang='lat' dir='ltr'><strong>gitur</strong></span> <span class='ocrx_word' id='word_1_216' title='bbox 352 3867 498 3929; x_wconf 82' lang='lat' dir='ltr'><strong>iudicamur,</strong></span> <span class='ocrx_word' id='word_1_217' title='bbox 530 3873 608 3932; x_wconf 84' lang='lat' dir='ltr'><strong>atquc</strong></span> <span class='ocrx_word' id='word_1_218' title='bbox 634 3874 734 3915; x_wconf 80' lang='lat' dir='ltr'><strong>ceterum</strong></span> <span class='ocrx_word' id='word_1_219' title='bbox 763 3876 849 3918; x_wconf 79' lang='lat' dir='ltr'><strong>cutem.</strong></span> <span class='ocrx_word' id='word_1_220' title='bbox 911 3866 934 3928; x_wconf 84' lang='lat'><strong>³)</strong></span> <span class='ocrx_word' id='word_1_221' title='bbox 960 3865 1009 3918; x_wconf 90' lang='lat' dir='ltr'><strong>Li.</strong></span> <span class='ocrx_word' id='word_1_222' title='bbox 1044 3882 1092 3934; x_wconf 88' lang='lat' dir='ltr'><strong>per</strong></span> <span class='ocrx_word' id='word_1_223' title='bbox 1121 3865 1230 3918; x_wconf 84' lang='lat' dir='ltr'><strong>librarii</strong></span> <span class='ocrx_word' id='word_1_224' title='bbox 1254 3868 1383 3920; x_wconf 84' lang='lat' dir='ltr'><strong>incuriam</strong></span> <span class='ocrx_word' id='word_1_225' title='bbox 1415 3882 1491 3932; x_wconf 88' lang='lat' dir='ltr'><strong>prae-</strong></span> 
     </span>
     <span class='ocr_line' id='line_1_28' title="bbox 256 3931 1491 4004; baseline 0.001 -18"><span class='ocrx_word' id='word_1_226' title='bbox 256 3936 455 3986; x_wconf 81' lang='lat' dir='ltr'><strong>mittitdiacoao.</strong></span> <span class='ocrx_word' id='word_1_227' title='bbox 509 3935 532 4001; x_wconf 86' lang='lat'><strong>⁴)</strong></span> <span class='ocrx_word' id='word_1_228' title='bbox 553 3934 637 3986; x_wconf 88' lang='lat' dir='ltr'><strong>Codd.</strong></span> <span class='ocrx_word' id='word_1_229' title='bbox 657 3952 760 4002; x_wconf 88' lang='lat' dir='ltr'><strong>omnes,</strong></span> <span class='ocrx_word' id='word_1_230' title='bbox 779 3939 844 4004; x_wconf 89' lang='lat' dir='ltr'><strong>quin</strong></span> <span class='ocrx_word' id='word_1_231' title='bbox 865 3939 947 3988; x_wconf 86' lang='lat' dir='ltr'><strong>immo</strong></span> <span class='ocrx_word' id='word_1_232' title='bbox 966 3935 1027 3988; x_wconf 89' lang='lat' dir='ltr'><strong>Mo.</strong></span> <span class='ocrx_word' id='word_1_233' title='bbox 1040 3935 1057 3990; x_wconf 83' lang='lat'><strong>2</strong></span> <span class='ocrx_word' id='word_1_234' title='bbox 1069 3953 1100 3987; x_wconf 85' lang='lat' dir='ltr'><strong>ex</strong></span> <span class='ocrx_word' id='word_1_235' title='bbox 1115 3941 1273 3998; x_wconf 86' lang='lat' dir='ltr'><strong>correctura,</strong></span> <span class='ocrx_word' id='word_1_236' title='bbox 1292 3936 1324 3986; x_wconf 89' lang='lat' dir='ltr'><strong>ad</strong></span> <span class='ocrx_word' id='word_1_237' title='bbox 1337 3931 1438 3986; x_wconf 78' lang='lat' dir='ltr'><strong>dirt20</strong></span> <span class='ocrx_word' id='word_1_238' title='bbox 1453 3953 1491 3987; x_wconf 89' lang='lat' dir='ltr'><strong>re-</strong></span> 
     </span>
     <span class='ocr_line' id='line_1_29' title="bbox 257 4003 1492 4070; baseline 0 -16"><span class='ocrx_word' id='word_1_239' title='bbox 257 4006 379 4070; x_wconf 87' lang='lat' dir='ltr'><strong>mittunt,</strong></span> <span class='ocrx_word' id='word_1_240' title='bbox 399 4013 424 4056; x_wconf 89' lang='lat' dir='ltr'><strong>at</strong></span> <span class='ocrx_word' id='word_1_241' title='bbox 441 4005 517 4057; x_wconf 83' lang='lat' dir='ltr'><strong>falso.</strong></span> <span class='ocrx_word' id='word_1_242' title='bbox 572 4005 595 4060; x_wconf 64' lang='grc'><strong>5)</strong></span> <span class='ocrx_word' id='word_1_243' title='bbox 614 4004 765 4060; x_wconf 76' lang='lat' dir='ltr'><strong>Modiin.</strong></span> <span class='ocrx_word' id='word_1_244' title='bbox 818 4004 841 4065; x_wconf 67' lang='grc' dir='ltr'><strong>θ)</strong></span> <span class='ocrx_word' id='word_1_245' title='bbox 862 4005 951 4060; x_wconf 82' lang='grc' dir='ltr'><strong>Μο.2</strong></span> <span class='ocrx_word' id='word_1_246' title='bbox 971 4004 1169 4056; x_wconf 81' lang='lat' dir='ltr'><strong>archidiaconem.</strong></span> <span class='ocrx_word' id='word_1_247' title='bbox 1218 4004 1241 4066; x_wconf 67' lang='lat' dir='ltr'><strong>&#39;J</strong></span> <span class='ocrx_word' id='word_1_248' title='bbox 1261 4003 1353 4060; x_wconf 83' lang='grc' dir='ltr'><strong>Μο.3</strong></span> <span class='ocrx_word' id='word_1_249' title='bbox 1372 4005 1492 4056; x_wconf 80' lang='lat' dir='ltr'><strong>adacca-</strong></span> 
     </span>
     <span class='ocr_line' id='line_1_30' title="bbox 256 4072 1492 4142; baseline 0.003 -20"><span class='ocrx_word' id='word_1_250' title='bbox 256 4072 316 4135; x_wconf 84' lang='lat' dir='ltr'><strong>lam,</strong></span> <span class='ocrx_word' id='word_1_251' title='bbox 337 4076 383 4140; x_wconf 88' lang='lat' dir='ltr'><strong>qui</strong></span> <span class='ocrx_word' id='word_1_252' title='bbox 402 4082 428 4127; x_wconf 89' lang='lat' dir='ltr'><strong>et</strong></span> <span class='ocrx_word' id='word_1_253' title='bbox 446 4091 508 4126; x_wconf 86' lang='lat' dir='ltr'><strong>rnox</strong></span> <span class='ocrx_word' id='word_1_254' title='bbox 528 4073 744 4140; x_wconf 79' lang='lat' dir='ltr'><strong>archipresbyteros</strong></span> <span class='ocrx_word' id='word_1_255' title='bbox 761 4076 850 4127; x_wconf 89' lang='lat' dir='ltr'><strong>habet.</strong></span> <span class='ocrx_word' id='word_1_256' title='bbox 904 4075 927 4137; x_wconf 81' lang='lat'><strong>⁸)</strong></span> <span class='ocrx_word' id='word_1_257' title='bbox 947 4075 1036 4127; x_wconf 89' lang='lat' dir='ltr'><strong>Verba</strong></span> <span class='ocrx_word' id='word_1_258' title='bbox 1059 4077 1110 4126; x_wconf 87' lang='lat' dir='ltr'><strong>ista</strong></span> <span class='ocrx_word' id='word_1_259' title='bbox 1135 4073 1228 4142; x_wconf 86' lang='lat' dir='ltr'><strong>procul</strong></span> <span class='ocrx_word' id='word_1_260' title='bbox 1254 4073 1337 4126; x_wconf 89' lang='lat' dir='ltr'><strong>dubio</strong></span> <span class='ocrx_word' id='word_1_261' title='bbox 1362 4081 1492 4127; x_wconf 88' lang='lat' dir='ltr'><strong>nontam</strong></span> 
     </span>
     <span class='ocr_line' id='line_1_31' title="bbox 256 4142 1492 4212; baseline -0.002 -18"><span class='ocrx_word' id='word_1_262' title='bbox 256 4142 289 4194; x_wconf 90' lang='lat' dir='ltr'><strong>ad</strong></span> <span class='ocrx_word' id='word_1_263' title='bbox 308 4146 366 4195; x_wconf 82' lang='lat' dir='ltr'><strong>iura</strong></span> <span class='ocrx_word' id='word_1_264' title='bbox 383 4143 561 4196; x_wconf 86' lang='lat' dir='ltr'><strong>archidiaconi</strong></span> <span class='ocrx_word' id='word_1_265' title='bbox 581 4145 719 4196; x_wconf 81' lang='lat' dir='ltr'><strong>referenda</strong></span> <span class='ocrx_word' id='word_1_266' title='bbox 737 4151 814 4210; x_wconf 88' lang='lat' dir='ltr'><strong>sunt,</strong></span> <span class='ocrx_word' id='word_1_267' title='bbox 839 4160 919 4209; x_wconf 83' lang='lat' dir='ltr'><strong>quarn</strong></span> <span class='ocrx_word' id='word_1_268' title='bbox 943 4145 976 4196; x_wconf 89' lang='lat' dir='ltr'><strong>ad</strong></span> <span class='ocrx_word' id='word_1_269' title='bbox 1001 4160 1110 4210; x_wconf 84' lang='lat' dir='ltr'><strong>ornnes,</strong></span> <span class='ocrx_word' id='word_1_270' title='bbox 1136 4145 1183 4210; x_wconf 91' lang='lat' dir='ltr'><strong>qui</strong></span> <span class='ocrx_word' id='word_1_271' title='bbox 1202 4142 1235 4194; x_wconf 90' lang='lat' dir='ltr'><strong>de</strong></span> <span class='ocrx_word' id='word_1_272' title='bbox 1254 4145 1492 4212; x_wconf 79' lang='lat' dir='ltr'><strong>archipresbyteri,</strong></span> 
     </span>
     <span class='ocr_line' id='line_1_32' title="bbox 258 4212 1491 4280; baseline 0 -16"><span class='ocrx_word' id='word_1_273' title='bbox 258 4213 414 4278; x_wconf 86' lang='lat' dir='ltr'><strong>primicerii,</strong></span> <span class='ocrx_word' id='word_1_274' title='bbox 434 4215 559 4266; x_wconf 84' lang='lat' dir='ltr'><strong>sacristae</strong></span> <span class='ocrx_word' id='word_1_275' title='bbox 579 4221 657 4280; x_wconf 87' lang='lat' dir='ltr'><strong>atque</strong></span> <span class='ocrx_word' id='word_1_276' title='bbox 676 4215 766 4266; x_wconf 85' lang='lat' dir='ltr'><strong>vicarii</strong></span> <span class='ocrx_word' id='word_1_277' title='bbox 786 4215 812 4264; x_wconf 93' lang='lat' dir='ltr'><strong>in</strong></span> <span class='ocrx_word' id='word_1_278' title='bbox 832 4217 891 4279; x_wconf 87' lang='lat' dir='ltr'><strong>ipsa</strong></span> <span class='ocrx_word' id='word_1_279' title='bbox 911 4213 1099 4280; x_wconf 85' lang='lat' dir='ltr'><strong>compilatione</strong></span> <span class='ocrx_word' id='word_1_280' title='bbox 1120 4219 1270 4280; x_wconf 80' lang='lat' dir='ltr'><strong>sequuntur</strong></span> <span class='ocrx_word' id='word_1_281' title='bbox 1289 4212 1366 4278; x_wconf 89' lang='lat' dir='ltr'><strong>tituli,</strong></span> <span class='ocrx_word' id='word_1_282' title='bbox 1385 4229 1447 4266; x_wconf 87' lang='lat' dir='ltr'><strong>curn</strong></span> <span class='ocrx_word' id='word_1_283' title='bbox 1463 4213 1491 4264; x_wconf 92' lang='lat' dir='ltr'><strong>hi</strong></span> 
     </span>
     <span class='ocr_line' id='line_1_33' title="bbox 256 4280 1493 4350; baseline 0.001 -18"><span class='ocrx_word' id='word_1_284' title='bbox 256 4297 350 4334; x_wconf 85' lang='lat' dir='ltr'><strong>ornnes</strong></span> <span class='ocrx_word' id='word_1_285' title='bbox 363 4297 447 4347; x_wconf 89' lang='lat' dir='ltr'><strong>aeque</strong></span> <span class='ocrx_word' id='word_1_286' title='bbox 461 4289 567 4334; x_wconf 86' lang='lat' dir='ltr'><strong>careant</strong></span> <span class='ocrx_word' id='word_1_287' title='bbox 578 4299 691 4334; x_wconf 86' lang='lat' dir='ltr'><strong>summa.</strong></span> <span class='ocrx_word' id='word_1_288' title='bbox 729 4280 806 4348; x_wconf 89' lang='lat' dir='ltr'><strong>Hinc,</strong></span> <span class='ocrx_word' id='word_1_289' title='bbox 825 4289 904 4348; x_wconf 86' lang='lat' dir='ltr'><strong>atque</strong></span> <span class='ocrx_word' id='word_1_290' title='bbox 923 4299 956 4335; x_wconf 87' lang='lat' dir='ltr'><strong>ex</strong></span> <span class='ocrx_word' id='word_1_291' title='bbox 975 4281 1024 4334; x_wconf 87' lang='lat' dir='ltr'><strong>Li.</strong></span> <span class='ocrx_word' id='word_1_292' title='bbox 1043 4285 1212 4344; x_wconf 85' lang='lat' dir='ltr'><strong>auctoritate,</strong></span> <span class='ocrx_word' id='word_1_293' title='bbox 1231 4284 1330 4350; x_wconf 88' lang='lat' dir='ltr'><strong>quippe</strong></span> <span class='ocrx_word' id='word_1_294' title='bbox 1344 4284 1390 4346; x_wconf 80' lang='lat' dir='ltr'><strong>qui</strong></span> <span class='ocrx_word' id='word_1_295' title='bbox 1412 4281 1493 4333; x_wconf 86' lang='lat' dir='ltr'><strong>addat</strong></span> 
     </span>
     <span class='ocr_line' id='line_1_34' title="bbox 256 4350 1493 4474; baseline 0.003 -74"><span class='ocrx_word' id='word_1_296' title='bbox 256 4350 504 4474; x_wconf 54' lang='grc' dir='ltr'><strong>ἰταέοὴὲρῒεὸφιενί,</strong></span> <span class='ocrx_word' id='word_1_297' title='bbox 530 4354 625 4404; x_wconf 86' lang='lat' dir='ltr'><strong>iactum</strong></span> <span class='ocrx_word' id='word_1_298' title='bbox 646 4357 701 4417; x_wconf 87' lang='lat' dir='ltr'><strong>est,</strong></span> <span class='ocrx_word' id='word_1_299' title='bbox 725 4358 754 4404; x_wconf 90' lang='lat' dir='ltr'><strong>ut</strong></span> <span class='ocrx_word' id='word_1_300' title='bbox 771 4352 853 4404; x_wconf 82' lang='lat' dir='ltr'><strong>huius</strong></span> <span class='ocrx_word' id='word_1_301' title='bbox 872 4351 941 4404; x_wconf 86' lang='lat' dir='ltr'><strong>tituli</strong></span> <span class='ocrx_word' id='word_1_302' title='bbox 962 4352 1093 4404; x_wconf 87' lang='lat' dir='ltr'><strong>rubricam</strong></span> <span class='ocrx_word' id='word_1_303' title='bbox 1112 4353 1163 4416; x_wconf 90' lang='lat' dir='ltr'><strong>ita,</strong></span> <span class='ocrx_word' id='word_1_304' title='bbox 1182 4359 1324 4419; x_wconf 87' lang='lat' dir='ltr'><strong>utsupra,</strong></span> <span class='ocrx_word' id='word_1_305' title='bbox 1349 4353 1493 4418; x_wconf 84' lang='lat' dir='ltr'><strong>concipere</strong></span> 
     </span>
    </p>

    <p class='ocr_par' dir='ltr' id='par_1_10' title="bbox 278 4423 534 4474">
     <span class='ocr_line' id='line_1_35' title="bbox 278 4423 534 4474; baseline -0.004 -2"><span class='ocrx_word' id='word_1_306' title='bbox 278 4437 310 4472; x_wconf 87' lang='lat' dir='ltr'><strong>au</strong></span> <span class='ocrx_word' id='word_1_307' title='bbox 368 4423 534 4474; x_wconf 84' lang='lat' dir='ltr'><strong>uitavcritn.</strong></span> 
     </span>
    </p>
   </div>
   <div class='ocr_carea' id='block_1_8' title="bbox 258 4503 1490 4640">
    <p class='ocr_par' dir='ltr' id='par_1_11' title="bbox 258 4503 1490 4640">
     <span class='ocr_line' id='line_1_36' title="bbox 330 4503 1490 4570; baseline 0 -12"><span class='ocrx_word' id='word_1_308' title='bbox 330 4505 377 4558; x_wconf 82' lang='lat' dir='ltr'><strong>Tit.</strong></span> <span class='ocrx_word' id='word_1_309' title='bbox 396 4503 437 4558; x_wconf 87' lang='lat'><strong>21.</strong></span> <span class='ocrx_word' id='word_1_310' title='bbox 463 4535 493 4544; x_wconf 89' lang='lat'>-</span> <span class='ocrx_word' id='word_1_311' title='bbox 546 4507 568 4570; x_wconf 85' lang='lat'><strong>¹)</strong></span> <span class='ocrx_word' id='word_1_312' title='bbox 596 4505 703 4558; x_wconf 90' lang='lat' dir='ltr'><strong>Desunt</strong></span> <span class='ocrx_word' id='word_1_313' title='bbox 727 4507 809 4558; x_wconf 85' lang='lat' dir='ltr'><strong>verba</strong></span> <span class='ocrx_word' id='word_1_314' title='bbox 834 4514 857 4556; x_wconf 83' lang='lat' dir='ltr'><strong>et</strong></span> <span class='ocrx_word' id='word_1_315' title='bbox 877 4515 994 4570; x_wconf 82' lang='lat' dir='ltr'><strong>potestatc</strong></span> <span class='ocrx_word' id='word_1_316' title='bbox 1022 4508 1047 4558; x_wconf 87' lang='lat' dir='ltr'><strong>in</strong></span> <span class='ocrx_word' id='word_1_317' title='bbox 1072 4505 1130 4559; x_wconf 88' lang='lat' dir='ltr'><strong>Ha.</strong></span> <span class='ocrx_word' id='word_1_318' title='bbox 1156 4505 1237 4569; x_wconf 51' lang='lat' dir='ltr'><strong>eona</strong></span> <span class='ocrx_word' id='word_1_319' title='bbox 1270 4507 1298 4558; x_wconf 90' lang='lat' dir='ltr'><strong>in</strong></span> <span class='ocrx_word' id='word_1_320' title='bbox 1323 4503 1376 4558; x_wconf 85' lang='lat' dir='ltr'><strong>Pa.</strong></span> <span class='ocrx_word' id='word_1_321' title='bbox 1407 4506 1490 4558; x_wconf 80' lang='lat' dir='ltr'><strong>huius</strong></span> 
     </span>
     <span class='ocr_line' id='line_1_37' title="bbox 258 4574 1490 4640; baseline -0.001 -12"><span class='ocrx_word' id='word_1_322' title='bbox 258 4576 328 4628; x_wconf 90' lang='lat' dir='ltr'><strong>tituli</strong></span> <span class='ocrx_word' id='word_1_323' title='bbox 346 4575 477 4631; x_wconf 86' lang='lat' dir='ltr'><strong>rubricam</strong></span> <span class='ocrx_word' id='word_1_324' title='bbox 496 4576 610 4629; x_wconf 88' lang='lat' dir='ltr'><strong>deletam</strong></span> <span class='ocrx_word' id='word_1_325' title='bbox 630 4593 690 4628; x_wconf 87' lang='lat' dir='ltr'><strong>esse</strong></span> <span class='ocrx_word' id='word_1_326' title='bbox 709 4575 848 4628; x_wconf 87' lang='lat' dir='ltr'><strong>admonuit</strong></span> <span class='ocrx_word' id='word_1_327' title='bbox 864 4576 947 4628; x_wconf 86' lang='lat' dir='ltr'><strong>tilius.</strong></span> <span class='ocrx_word' id='word_1_328' title='bbox 1003 4575 1027 4640; x_wconf 85' lang='lat'><strong>¹)</strong></span> <span class='ocrx_word' id='word_1_329' title='bbox 1046 4575 1100 4628; x_wconf 89' lang='lat' dir='ltr'><strong>Pa.</strong></span> <span class='ocrx_word' id='word_1_330' title='bbox 1119 4575 1268 4628; x_wconf 70' lang='lat' dir='ltr'><strong>acrdaur.</strong></span> <span class='ocrx_word' id='word_1_331' title='bbox 1322 4574 1344 4639; x_wconf 80' lang='lat'><strong>³)</strong></span> <span class='ocrx_word' id='word_1_332' title='bbox 1365 4574 1490 4629; x_wconf 87' lang='lat' dir='ltr'><strong>Deestin</strong></span> 
     </span>
    </p>
   </div>
   <div class='ocr_carea' id='block_1_9' title="bbox 0 0 1574 5184">
    <p class='ocr_par' dir='ltr' id='par_1_12' title="bbox 0 0 1574 5184">
     <span class='ocr_line' id='line_1_38' title="bbox 0 0 1574 5184; baseline 0 0"><span class='ocrx_word' id='word_1_333' title='bbox 0 0 1574 5184; x_wconf 95' lang='lat' dir='ltr'><strong> </strong></span> 
     </span>
    </p>
   </div>
  </div>
 </body>
</html>
