3098 5184
572 237 808 295 domoras.
1188 237 1317 299 mm
1413 203 1416 213 ¹

80 418 244 498 pertinent,
275 435 352 498 quae
381 413 632 482 subNr.1-53
652 415 791 496 leguntur
812 413 972 478 Alexandri
992 415 1040 479 lll.
1063 415 1152 496 (12),
1178 415 1314 480 Clemen-

79 529 115 590 tis
127 528 175 591 lll.
193 527 276 608 (26),
299 535 328 590 et
339 526 501 590 coelestini
511 525 558 588 111.
575 526 656 604 (lb),
678 543 738 588 non
752 539 826 586 vero
842 543 880 588 ex
891 523 1061 589 Pontificum
1075 525 1154 588 serie
1169 525 1314 608 digestae,

78 637 132 700 sed
160 637 238 702 aliae
266 639 375 700 mixtae
400 636 482 718 aliis3
508 636 613 700 borum
640 643 703 700 tres
724 641 834 697 tantum
855 653 967 716 easque
989 635 1185 699 Clementinas
1207 635 1316 700 frustra

75 747 105 810 in
136 747 224 811 editis
254 747 387 829 quaesivi
401 745 453 824 56).
504 746 672 827 Sequuntur
700 744 807 808 deinde
836 745 998 810 lnnocentii
1011 744 1058 808 lll.
1088 744 1253 810 decretales
1276 746 1315 811 19

75 857 386 934 contionatorum
414 855 480 918 fere
509 871 614 918 omnes
629 855 671 931 ⁵⁷)
693 855 921 936 compilationis,
951 855 1056 936 quibus
1080 855 1119 922 13
1150 863 1209 918 tam
1234 853 1314 918 eius-

75 966 147 1029 dem
170 985 258 1048 quam
279 967 395 1030 illorum
415 963 587 1028 Pontificum
602 965 717 1028 additae
732 972 799 1028 sunt
813 967 904 1028 mixto
919 964 1032 1028 ordine.
1066 963 1173 1028 Earum
1188 964 1268 1028 enim
1281 964 1311 1044 7,

73 1077 142 1139 scil.
164 1075 215 1139 Nr.
230 1077 377 1144 73-76.
399 1076 449 1142 79.
472 1074 514 1141 80
536 1081 566 1138 et
586 1074 628 1142 82
648 1075 678 1136 in
699 1075 831 1138 secunda
860 1082 975 1155 extant,
1003 1075 1067 1138 scil.
1090 1073 1251 1138 Alexandri
1264 1072 1313 1138 111.

73 1185 144 1260 (Nr.
168 1186 226 1263 75)
254 1193 284 1249 et
306 1185 464 1250 coelestini
484 1184 531 1247 lll.
561 1183 705 1262 (17173)
734 1183 886 1267 singulae,
918 1185 1047 1268 quinque
1075 1201 1148 1247 vero
1177 1183 1313 1246 Clemen-

72 1297 112 1358 tis
135 1295 183 1358 lll.
212 1295 275 1372 (Nr.
290 1295 340 1363 74.
357 1295 406 1360 76.
422 1297 472 1362 79.
488 1295 538 1360 80.
554 1294 627 1375 82);
656 1313 694 1356 ex
722 1295 807 1358 tertia
834 1296 854 1357 i.
879 1313 907 1358 e.
934 1293 1125 1358 Innocentinu
1154 1293 1259 1357 adsunt
1279 1291 1310 1373 5,

72 1405 140 1469 scil.
163 1404 215 1467 Nr.
231 1405 281 1472 78.
296 1406 347 1471 81.
363 1403 517 1486 83-85;
538 1405 569 1467 in
590 1411 695 1468 neutra
714 1407 856 1484 recurrit,
879 1423 955 1486 quae
976 1403 1031 1468 sub
1052 1403 1104 1466 Nr.
1119 1403 1159 1470 77
1182 1401 1311 1482 affertur,

70 1515 152 1578 hanc
174 1514 320 1579 exhibens
341 1515 578 1596 inscriptionem:
604 1513 782 1590 „lnnoc.lll.
805 1513 986 1578 Credonensi
999 1513 1093 1596 Epo.“
1117 1497 1206 1594 atqu‘e
1226 1511 1312 1576 buius

70 1625 163 1688 initii:
208 1627 309 1706 Officii
336 1631 433 1686 nostra
460 1626 590 1688 debitum
619 1635 647 1688 et
673 1627 843 1688 sollicitudo
875 1629 1001 1704 requirit
1030 1635 1081 1687 otc.
1130 1623 1205 1686 Hinc
1240 1623 1311 1687 satis

70 1741 214 1816 apparet,
246 1752 339 1798 novas
362 1733 544 1814 decretales,
573 1741 673 1816 utpote
694 1735 724 1796 in
746 1733 928 1797 bernardino
950 1733 1204 1816 extravagantium
1227 1732 1311 1814 quasi

69 1861 202 1926 corpore
223 1861 283 1906 non
305 1843 438 1925 clausas,
469 1861 539 1908 mox
558 1845 614 1925 ipsi
635 1861 705 1908 esse
726 1844 872 1920 adiectus,
901 1861 959 1908 nec
979 1850 1094 1923 tamen,
1120 1849 1209 1924 prout
1230 1859 1311 1906 enra-

71 1953 225 2034 naverint,
257 1953 312 2016 sed
340 1971 378 2017 eo
407 1961 436 2017 et
462 1961 595 2035 tempore
624 1961 654 2017 et
681 1954 801 2033 ordine,
835 1971 894 2036 quo
928 1952 1084 2017 cuiuslibet
1111 1951 1312 2016 venenaret

70 2083 194 2144 manus,
225 2082 322 2146 neque
350 2083 420 2128 esse
448 2065 569 2142 mirum,
599 2065 625 2128 si
647 2083 723 2146 quae
746 2063 837 2127 ialsae
859 2071 889 2128 et
911 2070 1083 2145 corruptae,
1112 2062 1182 2143 quin
1202 2077 1311 2144 suppo·

72 2175 179 2237 sititiee
200 2174 232 2235 iu
253 2173 398 2237 eiusmodi
419 2173 561 2238 Breviorii
582 2173 771 2256 appendices,
796 2173 926 2255 indeque
946 2173 976 2235 in
998 2171 1220 2252 compilationes
1242 2187 1313 2236 mox
1341 2221 1343 2226 ,

70 2292 152 2346 naus
181 2283 374 2363 irrepserint,
405 2290 435 2346 et
456 2281 688 2346 authenticarum
710 2285 794 2366 quasi
815 2282 1022 2347 collectionum
1044 2282 1237 2345 excitaverint
1258 2281 1311 2346 de·

70 2393 226 2456 siderium.
270 2391 355 2465 Quod
377 2411 415 2456 en
436 2393 473 2456 de
494 2392 615 2457 Halensi
636 2412 755 2476 quoque
782 2392 887 2456 codice
915 2393 1016 2456 dicere
1045 2391 1151 2472 liceat,
1180 2393 1310 2456 incertus

71 2521 150 2579 sum,
184 2501 294 2583 quippe
322 2503 372 2583 qui
401 2501 586 2565 multifariam
614 2502 732 2584 quidem
755 2503 820 2566 eius
840 2502 966 2566 litteram
986 2501 1022 2565 ab
1045 2501 1189 2564 editurum
1204 2501 1310 2564 decre·

69 2612 172 2674 talium
202 2617 343 2672 contextu
370 2610 541 2692 discrepare
571 2612 711 2690 viderim,
741 2614 893 2694 utriusque
916 2629 989 2676 vero
1011 2612 1129 2676 nonnisi
1156 2611 1309 2692 fugitivam

69 2721 248 2783 instituerim
271 2719 474 2799 collationem,
499 2721 553 2784 sed
574 2729 653 2784 totus
675 2723 827 2785 consentio
849 2719 1015 2803 l’ltllllpslo,
1037 2722 1119 2784 istius
1140 2721 1311 2803 appendicis

71 2832 156 2912 quasi
179 2830 347 2911 geminam,
369 2831 400 2892 in
420 2831 563 2895 Breviorit
583 2831 686 2896 codice
706 2831 877 2896 Monacensi
897 2829 1169 2912 nobisservatam,
1191 2837 1223 2894 ut
1244 2831 1310 2914 quis

104 3154 140 3219 51)
161 3154 273 3208 Adsunt
291 3157 319 3208 in
338 3153 404 3206 cod.
424 3155 475 3207 sub
495 3152 668 3218 mast-aa
692 3156 794 3221 prima,
818 3155 890 3206 haud
909 3155 1052 3221 inscripta,
1071 3157 1110 3208 sic
1128 3156 1236 3221 incipit:
1261 3153 1311 3206 Per

160 3251 218 3292 tuas
236 3242 303 3292 nobis
323 3240 414 3291 Elimas
431 3239 550 3304 indicasti,
570 3242 636 3306 quod
652 3241 676 3290 oi
691 3241 733 3306 qui
745 3251 798 3292 tuus
810 3250 929 3306 compater
942 3250 1002 3302 etc.‚·
1020 3241 1128 3294 alterius
1145 3243 1310 3295 »confessori

160 3325 369 3381 Salesburenai“
396 3329 569 3380 transmissae
595 3328 646 3381 hoc
672 3336 712 3381 est
738 3329 859 3380 initium:
884 3326 925 3376 Er
949 3327 1033 3377 litteris
1051 3335 1106 3377 tuoe
1123 3326 1309 3392 dis(orotiouis)

161 3413 309 3478 accepimus,
334 3414 400 3479 quod
422 3431 473 3464 cum
500 3411 532 3466 G.
556 3431 572 3464 a
597 3423 618 3464 te
635 3413 806 3480 poenitentiam
825 3413 972 3480 postulasset
989 3423 1048 3476 eto.,·
1072 3416 1149 3466 tertia
1167 3414 1308 3466 „Cassiam
1397 3451 1399 3457 -

160 3501 296 3566 archiep.“
315 3501 447 3554 destinata
465 3502 505 3552 sic
529 3503 636 3568 incipit:
675 3501 732 3553 Gom
756 3501 791 3552 od
812 3502 890 3552 aedom
913 3501 1015 3566 apostol.
1034 3511 1058 3550 ot
1073 3501 1132 3566 infr.
1168 3499 1310 3566 Superbos

159 3589 245 3652 itopuc
269 3595 310 3637 too
329 3587 460 3652 praeelectio
484 3597 527 3639 etc.
564 3586 640 3652 Quae
664 3591 715 3644 sub
734 3589 782 3641 Nr.
794 3588 826 3644 41
846 3589 890 3640 his
908 3590 1012 3642 verbis:
1039 3587 1131 3638 „Idem
1158 3587 1228 3648 (scil.
1247 3587 1312 3638 Ale-

159 3673 263 3726 xander
275 3671 337 3738 111.)
355 3673 483 3726 Paduano
504 3677 644 3741 episcopor
666 3679 823 3744 proponitur
842 3675 983 3728 decretalis
996 3672 1160 3724 Intelleximus
1177 3689 1207 3722 oc
1227 3673 1312 3723 litteris

161 3760 210 3812 tuis
222 3769 278 3824 eto,
298 3762 325 3812 in
339 3759 433 3827 Cornp.
444 3759 480 3812 11.
492 3761 564 3812 haud
578 3763 665 3828 obvia,
684 3763 776 3815 eadem
796 3769 838 3814 est
856 3768 934 3828 atque
954 3759 1003 3814 c.9
1023 3762 1055 3812 de
1075 3761 1156 3811 iudic.
1174 3757 1312 3826 Corrrp.I.‚

161 3847 238 3913 quod
250 3849 277 3898 in
290 3847 414 3914 pluribus
426 3847 503 3899 libris
517 3846 601 3900 MSO.
615 3848 767 3902 Alexandro
782 3847 831 3900 111.
851 3849 968 3902 adscribi
986 3849 1038 3900 iam
1058 3847 1159 3900 notavit
1170 3846 1204 3899 A.
1219 3850 1311 3912 Augu-

161 3936 261 3986 atinus.

109 4020 144 4086 ⁵⁷)
163 4019 247 4072 Haud
268 4020 334 4072 mihi
352 4019 428 4072 licuit
441 4016 576 4088 'invenire
596 4037 663 4088 quaa
683 4019 749 4074 (iod.
770 4023 821 4075 sub
840 4020 890 4074 Nr.
904 4019 938 4077 61
951 4027 977 4074 et
988 4020 1023 4076 70
1042 4020 1161 4083 exbibet;
1183 4021 1219 4072 ibi
1239 4021 1311 4071 enim

162 4108 215 4159 sub
240 4107 414 4172 inscriptione
439 4105 546 4158 eldam«
577 4107 690 4160 occurrit
708 4108 774 4160 haec
800 4109 953 4161 decretalis:
977 4105 1021 4157 Ad
1039 4107 1186 4156 audientiam
1203 4115 1309 4155 nostram

164 4203 187 4244 te
203 4192 356 4258 sipnp'ficaute
369 4193 492 4256 pervenit,
520 4194 586 4258 quod
602 4191 637 4244 H.
656 4194 686 4243 de
704 4193 770 4246 Scio.
789 4193 913 4260 Stephano
932 4203 989 4258 eta,
1019 4195 1101 4245 altero
1120 4193 1179 4246 loco
1201 4193 1251 4244 sub
1272 4193 1310 4242 in·

165 4281 327 4346 scriptione:
359 4277 466 4332 „innoc
478 4278 528 4331 111.
553 4281 677 4346 archiepo
700 4281 837 4334 Senam«
857 4281 938 4334 haee:
962 4277 1105 4330 Audivimus
1123 4277 1189 4344 quod
1204 4294 1256 4329 cen.
1269 4277 1311 4342 sr.

163 4375 243 4416 noster
259 4364 309 4430 Ep.
332 4364 461 4416 Carnutum
477 4366 514 4417 ita
531 4367 675 4432 quandoque
692 4377 808 4433 sequatur
825 4376 868 4418 oto.
906 4365 985 4429 Quae
1014 4369 1064 4420 sub
1084 4365 1133 4419 Nr.
1145 4365 1177 4421 71
1198 4366 1312 4418 occurrit

162 4453 305 4519 inscripta:
344 4450 435 4506 „Idem
464 4453 551 4507 Acon.
583 4454 688 4507 Sicania.
720 4455 829 4508 Berieri.
861 4454 977 4508 Biblieb.
1007 4453 1098 4521 tapso«
1129 4451 1311 4517 verbotenus,

164 4538 228 4591 licet
252 4555 307 4590 non
333 4540 384 4591 sub
410 4537 560 4594 Innocentii
585 4542 708 4608 nomine,
733 4541 809 4594 adest
827 4543 854 4594 in
873 4556 896 4593 c.
916 4556 962 4593 un.
983 4541 1016 4594 de
1035 4538 1168 4608 parochiis
1188 4533 1251 4600 (111.
1267 4534 1312 4602 16)

166 4623 260 4692 Oornp.
276 4623 312 4676 ΙΙ.

127 4704 233 4768 mmuu
248 4733 343 4767 summa·
1020 4717 1098 4760 *η
