3062 5174
500 223 549 278 DE
579 222 841 280 MATRIMONIO.
1228 217 1287 281 297

41 403 159 458 machis
180 401 350 473 prohibetur
370 401 429 458 sibi
449 407 619 459 commatres
641 403 749 470 lacere,
778 409 806 458 et
826 401 961 458 omnibus
981 402 1132 473 baptizare
1153 403 1288 474 prohibe-

44 507 120 568 tur;
148 499 342 571 prohibentur
363 505 457 556 autem
479 499 535 554 sibi
557 505 726 556 commatres
747 500 857 566 iacere,
879 506 913 555 ut
933 501 963 556 G.
978 499 1055 555 XVI.
1080 496 1161 571 qni
1182 501 1289 556 Pleasit

43 599 190 652 communi
210 593 249 667 (o.
263 591 313 668 8),
336 603 364 652 et
385 597 415 652 C.
429 597 537 652 XVIII.
560 591 640 668 qu.2
660 597 786 652 Peruenit
807 595 846 668 (c.
861 590 932 670 20),
961 604 989 652 et
1016 597 1052 653 de
1073 612 1151 652 cons.
1174 598 1221 653 Di.
1237 597 1287 652 IV.

45 694 122 748 Non
143 693 205 748 ticet
225 689 265 765 (c.
283 687 371 767 103),
393 695 523 748 Moncclr'
544 692 582 763 (c.
599 688 688 764 104);
716 699 832 749 econtra
853 711 922 750 vero
943 692 1119 766 quibusdam
1140 693 1288 750 monachis

45 789 211 861 baptizare
230 791 315 859 licet,
343 799 377 846 ut
398 793 427 848 G.
442 791 520 848 XVI.
542 807 589 862 qu.
606 787 623 848 1
641 784 745 846 Doctae
766 789 805 860 (c.
820 785 883 866 21).
926 791 1087 848 Dicendum
1115 797 1159 846 est
1181 791 1288 861 itaque,

46 889 189 959 capitula
207 889 271 954 ilia,
294 904 369 960 quae
389 889 538 944 monachis
557 888 830 944 commaternitatem
843 888 1030 956 interdicunt,
1051 887 1190 959 loquendi
1205 905 1289 944 usum

46 987 183 1054 imitari3
211 1003 279 1040 usus
300 987 377 1041 enim
398 987 526 1058 vulgaris
547 985 635 1040 habet
655 985 747 1054 illam,
770 1001 843 1058 quae
864 987 896 1040 tit
917 1001 969 1056 per
989 987 1208 1056 susceptionem,
1230 1001 1289 1041 non

47 1083 158 1151 illam,
181 1098 254 1154 quae
275 1085 308 1139 nt
326 1100 378 1154 per
398 1083 627 1150 immersionem,
655 1073 929 1138 commaternitatem
950 1085 1113 1153 appellare3
1134 1082 1290 1154 prohiben-

51 1187 103 1234 tur
134 1187 229 1236 autem
258 1180 392 1236 monachi
419 1181 516 1236 taliter
543 1179 601 1235 sibi
628 1187 797 1236 commatres
825 1181 918 1235 facere
943 1197 982 1236 ex
1006 1196 1108 1248 causa,
1136 1197 1171 1236 na
1199 1179 1288 1236 videl.

53 1278 243 1334 occasionem
263 1277 391 1334 habeant
411 1294 475 1334 cum
497 1276 669 1332 mulieribus
691 1276 887 1348 colloquendi.

140 1373 276 1430 Diximus
298 1371 333 1428 de
355 1377 526 1446 cognatione
547 1375 704 1444 spirituali,
727 1389 804 1446 quae·
821 1383 864 1430 est
883 1375 958 1430 inter
979 1381 1151 1444 compatrem
1173 1381 1201 1432 et
1216 1391 1291 1432 com·

51 1477 188 1526 matrem.
231 1471 370 1542 coguatio
391 1488 459 1527 vero
484 1471 644 1542 spiritualis
672 1487 745 1542 quae
774 1478 816 1526 est
836 1473 911 1526 inter
930 1479 1040 1542 patrem
1062 1471 1242 1542 spiritualem
1263 1477 1292 1526 et

54 1568 151 1622 liliam
173 1568 368 1639 spiritualem,
398 1569 533 1624 similiter
561 1577 697 1640 quaeest
718 1570 931 1624 intermatrem
953 1570 1135 1640 spiritualem
1156 1569 1292 1638 spiritua·

52 1664 175 1734 lemque
202 1665 304 1732 tilium,
332 1672 359 1722 et
386 1665 508 1737 impedit
529 1667 742 1722 matrimonium
770 1666 996 1722 contrahendum
1027 1673 1055 1722 et
1082 1665 1194 1724 dirimit
1224 1681 1291 1722 cou-

55 1768 193 1830 tractum,
215 1769 247 1817 ut
269 1763 299 1818 C.
314 1763 408 1828 XXX.
431 1759 511 1834 qui
533 1763 576 1818 De
597 1781 628 1818 eo
649 1760 688 1834 (c.
704 1759 747 1834 5).
831 1747 833 1753 ¹

139 1857 238 1914 Restat
258 1875 335 1914 nunc
356 1859 392 1914 de
413 1860 467 1914 illa
488 1861 660 1932 cognatione
682 1862 828 1930 spirituali
850 1877 940 1934 agere,
964 1877 1037 1932 quae
1058 1867 1101 1916 est
1120 1861 1291 1916 interillos

57 1955 208 2010 naturales
230 1961 257 2010 et
284 1957 467 2026 spirituales,
496 1972 569 2027 quae
597 1957 705 2012 dieitur
732 1959 895 2012 fraternitas
924 1958 1094 2028 spiritualis.
1135 1960 1213 2014 Haeo
1233 1975 1291 2014 non

55 2053 154 2106 solum
176 2053 403 2108 contrahendum
424 2053 556 2124 impedit,
578 2053 629 2109 sed
650 2055 736 2110 etiam
757 2063 936 2111 contractum
959 2055 1082 2123 dividit3
1104 2075 1131 2110 v.
1147 2074 1189 2128 gr.
1210 2062 1293 2126 pater

55 2165 140 2203 meus
167 2148 330 2220 baptizavit
357 2151 404 2206 vel
432 2152 559 2222 suscepit
586 2151 677 2206 tiliam
706 2159 783 2206 tuam
812 2151 847 2208 de
868 2151 1029 2223 baptismo,
1059 2151 1095 2208 de
1119 2161 1212 2210 cetero
1233 2169 1292 2209 non

53 2262 176 2316 possum
197 2263 259 2301 eam
279 2249 310 2302 iu
331 2263 450 2303 uxorem
472 2249 622 2318 accipere,
645 2255 672 2302 et
693 2250 718 2302 si
739 2265 885 2318 accepero,
910 2249 1075 2319 separabor,
1097 2256 1130 2306 ut
1150 2252 1181 2306 C.
1196 2250 1292 2306 XXX.

55 2336 143 2412 qu.3
164 2343 298 2398 Piraeium
324 2343 364 2416 (c.
380 2340 429 2417 2),
452 2346 521 2401 -Non
542 2355 644 2416 oportet
666 2342 705 2418 (e.
721 2340 764 2418 3).
806 2346 935 2402 Fuerunt
962 2351 1057 2402 autem
1079 2350 1130 2420 qui
1152 2347 1290 2416 dicerent,

55 2439 135 2494 tilios
162 2439 284 2496 duorum
312 2450 506 2513 compatrum,
537 2443 587 2512 qui
616 2451 774 2498 nascuntur
798 2451 865 2514 post
891 2444 993 2500 initam
1015 2445 1291 2515 compaternitatem,

55 2538 134 2590 inter
155 2538 286 2611 seiungi
308 2557 366 2597 non
388 2556 487 2610 posse,
517 2538 596 2610 quod
623 2539 759 2595 videntur
781 2539 889 2596 habere
910 2558 946 2598 ex
967 2543 998 2597 (l.
1012 2541 1106 2596 XXX.
1128 2536 1206 2612 qu.3
1226 2542 1293 2596 Post

55 2641 208 2703 susceptum
228 2631 268 2707 (c.
285 2632 335 2710 5),
357 2637 412 2692 hoc
433 2643 528 2691 autem
549 2636 636 2692 hodie
657 2644 752 2706 servat
773 2639 905 2708 ccclesia,
927 2646 968 2709 ut,
990 2639 1051 2693 sive
1069 2645 1134 2693 aute
1150 2639 1211 2692 sive
1227 2646 1293 2708 post

57 2730 151 2799 geniti
178 2731 299 2800 fuerint,
327 2734 409 2788 licite
439 2733 666 2805 coniungantur,
695 2749 761 2789 cum
788 2736 871 2790 nulla
899 2738 936 2790 sit
961 2737 1037 2792 iuter
1062 2751 1110 2790 eos
1131 2735 1291 2806 spiritualis

55 2828 192 2898 cognatio
222 2830 269 2884 vel
300 2832 519 2902 propinquitas,
552 2837 672 2901 excepta
700 2832 754 2888 illa
781 2847 920 2902 persona,
953 2849 1010 2904 qua
1037 2839 1294 2902 computrescunt

56 2925 160 2994 effecti,
182 2932 214 2980 ut
225 2926 356 2982 CXXX.
372 2923 447 2999 qu.3
462 2927 551 2999 Super
564 2929 659 3000 quitus
674 2925 713 3002 (c.
727 2924 778 3000 4);
801 2937 832 2984 tu
848 2945 963 3000 quoque
978 2922 1021 3002 (i)
1036 2930 1061 2982 si
1083 2929 1175 2982 fllium
1196 2944 1290 2983 meum

60 3023 204 3090 tenueris,
233 3023 324 3078 tiliam
353 3041 443 3080 meam
472 3027 533 3080 sive
561 3033 626 3082 ante
651 3028 712 3082 sive
732 3033 798 3096 post
818 3027 941 3098 genitam
964 3026 1094 3096 accipere
1115 3041 1173 3080 non
1194 3025 1292 3095 prohi-

58 3119 148 3186 beris,
170 3127 200 3176 ut
222 3123 251 3176 C.
263 3121 358 3177 XXX.
381 3118 459 3193 qu.3
479 3123 550 3178 illud
564 3125 644 3178 etium
665 3120 704 3198 (c.
716 3118 759 3197 7).

142 3217 293 3285 Quaeritur
314 3225 424 3286 antem,
453 3235 488 3274 au
511 3222 619 3292 aliquis
635 3216 674 3292 ⁸⁸)
697 3220 767 3276 duas
789 3226 959 3276 commatres
979 3235 1066 3274 unam
1087 3223 1152 3288 post
1173 3218 1292 3274 alteram

59 3311 168 3367 habere
187 3315 280 3384 possit
304 3331 425 3384 uxores3
453 3335 480 3372 v.
504 3335 545 3390 gr.
576 3319 680 3373 Bertlra
701 3324 728 3374 et
749 3317 841 3372 Maria
862 3323 1028 3372 commatres
1057 3322 1122 3371 sunt
1148 3316 1225 3370 inter
1245 3310 1291 3382 se,

62 3409 163 3479 accepi
178 3409 328 3479 Bertham3
351 3414 493 3485 numquid
506 3423 572 3486 post
586 3422 704 3470 mortem
720 3415 782 3470 eius
800 3414 901 3470 licebit
915 3415 988 3469 mihi
1003 3414 1134 3482 accipere
1148 3406 1292 3466 Mariani

63 3507 155 3575 Super
174 3505 229 3562 hoc
249 3509 350 3579 utique
372 3517 428 3565 tam
450 3512 600 3567 doctorum
622 3513 789 3580 sententiae,
811 3527 898 3582 quam
919 3511 1104 3566 ecclesiarum
1126 3509 1293 3563 discordant

62 3603 294 3661 consuetudines.
335 3607 427 3663 Aiunt
449 3609 527 3664 enim
547 3606 683 3680 quidam,
707 3607 833 3679 quodsi,
862 3614 1015 3678 postquam
1036 3612 1205 3662 commatres
1227 3612 1294 3660 sunt
1324 3591 1328 3606 ⁸

62 3701 181 3756 effectae
206 3717 281 3758 uxor
307 3719 370 3760 mea
395 3713 424 3760 et
449 3706 518 3772 illa,
548 3705 673 3760 dormivi
702 3719 767 3759 eum
790 3719 880 3758 uxore
907 3719 985 3770 mea,
1014 3717 1071 3758 non
1093 3718 1210 3772 possum
1232 3703 1293 3757 eius

63 3803 246 3854 commatrem
267 3807 366 3868 postea
381 3803 520 3873 accipere,
543 3808 570 3856 et
584 3802 609 3856 si
624 3817 772 3871 accepero,
796 3799 964 3870 separabor3
987 3801 1033 3855 eui
1053 3800 1211 3854 sententiae
1226 3815 1293 3854 con-

63 3891 163 3948 cordet
182 3897 317 3966 magister
338 3897 500 3965 Gratianus,
529 3906 557 3954 et
584 3899 638 3955 hoc
659 3899 807 3954 confirmat
834 3911 887 3966 per
912 3897 984 3952 haec
1012 3897 1127 3954 decreta
1156 3897 1186 3952 C.
1201 3896 1293 3952 XXX.

64 3985 147 4060 qud
165 3991 198 4045 st
212 4003 296 4063 puter
318 3991 357 4064 (c.
372 3989 421 4068 2),
443 3996 476 4051 Sa*
496 3998 556 4068 quia
571 4011 609 4050 ‘ea
628 4013 680 4049 uno
702 3991 741 4067 (c.
756 3989 804 4068 3),
828 3995 905 4057 Quod
924 4004 1013 4050 oulen
1032 4011 1100 4049 uuor
1120 3993 1160 4068 (c.
1175 3987 1218 4066 6).
1261 3994 1291 4048 Si

61 4103 129 4142 vero
149 4095 249 4158 postea
268 4106 326 4146 non
349 4090 474 4148 dormivi
496 4109 560 4148 cum
581 4109 672 4148 uxore
692 4109 772 4160 mea,
794 4108 831 4146 ex
851 4107 907 4162 quo
929 4093 1011 4146 illius
1025 4098 1179 4148 commater
1193 4091 1292 4146 effecta

60 4190 117 4251 est,
144 4182 219 4238 bene
243 4194 345 4256 potero
372 4195 439 4259 post
464 4197 584 4245 mortem
610 4190 711 4245 uxoris
744 4204 823 4244 meas
852 4189 913 4243 eius
939 4196 1120 4245 commatrem
1149 4188 1291 4257 accipere,

61 4280 137 4352 quod
165 4284 335 4340 confirmant
362 4300 399 4339 ex
427 4285 458 4340 O.
472 4286 564 4343 XXX.
593 4281 675 4358 qud
704 4286 757 4349 Qui
782 4286 950 4357 spiritualem
978 4281 1016 4357 (c.
1032 4280 1084 4359 4),
1110 4285 1177 4339 Post
1202 4285 1294 4338 onore

62 4507 206 4574 quentibus
225 4507 258 4559 ad
275 4508 389 4561 litteram
407 4523 468 4562 cnm
491 4508 626 4560 summula
649 4514 741 4561 nostra
766 4508 919 4562 concordet.
990 4505 1023 4568 ³⁶)
1038 4485 1078 4558 ¹In
1098 4504 1164 4558 cod.
1182 4523 1215 4556 aa
1233 4505 1295 4557 alter

60 4576 141 4641 uiuri,
174 4591 252 4643 quae,
282 4594 342 4631 eum
374 4594 456 4630 sensu
487 4577 706 4646 praesenserant,
737 4595 769 4630 ex
797 4577 908 4632 Summa
938 4576 1110 4630 decretalium
1140 4576 1292 4629 emendavi.
