3062 5174
250 203 310 268 330
635 209 831 269 nauatam
861 212 911 268 ΕΤ
942 213 1102 272 RICARDI

250 388 305 444 hoo
319 388 420 444 liceret
439 387 501 444 iure
522 385 691 448 communi?
711 391 843 448 naturale
893 397 993 448 contra
1020 393 1102 450 Dum.
1129 393 1181 463 aa
1212 395 1296 452 Dom.
1325 393 1364 452 R.
1396 401 1487 452 autam

251 485 329 539 enim
354 499 565 556 supervacuum
586 501 647 542 esre
668 503 725 544 non
748 486 841 556 debet,
892 489 1019 546 habebat
1039 491 1172 563 generale
1192 491 1405 565 privilegium,
1434 507 1487 564 quo

250 597 290 636 ar.
313 581 378 654 Dig.
407 581 446 637 ad
473 583 612 654 municip.
638 584 670 639 L.
700 583 721 638 1.
752 580 842 658 (rici)
892 585 951 642 sibi
978 587 1087 644 licebat
1113 588 1144 642 in
1171 589 1249 646 omni
1274 603 1370 646 causa
1390 591 1487 662 appel·

250 677 353 751 Rerp.:
376 678 454 735 illud
474 680 505 734 in
530 681 694 753 privilegiis
715 682 842 755 intelligi
892 683 961 739 lare.
1014 683 1134 754 Quaen,
1168 701 1204 742 aa
1239 687 1270 740 in
1306 687 1367 742 hae
1403 702 1486 742 causa

250 776 339 844 solet,
369 776 425 832 hoo
454 777 486 831 in
517 777 585 833 aliir
613 779 777 848 rescriptis,
809 780 840 834 iu
892 781 1040 851 appellare
1058 775 1171 854 possiti
1204 781 1291 854 Resp.
1313 783 1401 855 quod
1420 800 1483 852 non,

250 872 356 944 quibus
367 873 399 929 id
412 875 569 946 praecipue
584 876 759 948 intelligitur
773 892 840 934 con·
891 879 962 949 quia
982 894 1065 934 omna
1085 879 1211 950 speciale
1232 881 1412 952 rescriptum
1430 883 1484 952 pri·

249 985 377 1040 cessum,
406 971 484 1043 quod
510 973 573 1027 iure
602 975 746 1028 communi
774 989 840 1030 eon·
890 974 999 1047 vilegio
1020 975 1137 1049 deroget
1156 977 1292 1050 generali.

249 1083 377 1135 cessum,
403 1083 442 1122 ar.
467 1069 497 1123 G.
512 1069 604 1124 XXV.
628 1064 711 1142 qu.2
730 1071 841 1126 Dicenti

248 1161 288 1236 (e.
304 1158 357 1237 16)
378 1172 407 1220 et
425 1165 495 1221 Ood.
522 1165 557 1222 de
578 1167 706 1225 innoific.
729 1173 838 1224 testam.

248 1260 281 1316 st
300 1263 408 1334 quondo
430 1259 478 1336 (L.
495 1256 559 1338 35).

679 1462 717 1530 O.
739 1466 769 1532 2.
812 1468 862 1530 Ex
877 1477 969 1546 parte
989 1476 1040 1529 etc.

288 1623 385 1677 Casus.
438 1621 508 1678 Orta
539 1623 734 1678 controversia
764 1623 838 1679 inter
926 1622 1025 1677 Verba
1046 1622 1128 1680 Dom.
1151 1624 1246 1694 Papae
1267 1622 1307 1678 ad
1336 1625 1481 1696 archiepi-

248 1717 281 1773 G.
315 1727 342 1775 et
370 1719 401 1773 F.
437 1720 558 1775 clericos
592 1735 678 1790 super
711 1719 837 1792 quadam
888 1734 1018 1790 scopum:
1056 1720 1127 1774 Cum
1157 1719 1225 1775 talis
1253 1721 1415 1792 episcopua
1442 1739 1481 1776 se·
1523 1733 1524 1736 ’

245 1816 424 1887 praebenda,
448 1815 480 1872 G.
504 1823 583 1872 actor
603 1817 723 1873 accessit
737 1816 774 1871 ad
789 1831 837 1872 cu·
887 1817 1014 1872 cundum
1035 1823 1161 1872 tenorem
1182 1815 1312 1873 mandati
1335 1820 1431 1874 nostri
1450 1819 1479 1874 G.
1523 1857 1524 1860 η

246 1914 334 1982 riam,
365 1930 547 1986 proponens,
577 1915 610 1968 F.
641 1914 836 1969 aduersarium
887 1913 1031 1984 quandam
1053 1913 1247 1985 praebendam
1270 1914 1480 1982 adiudicasset,

245 2028 328 2066 suum
348 2010 467 2081 publice
489 2011 524 2066 de
544 2012 672 2082 periurio
694 2027 754 2066 esse
770 2027 836 2067 eon·
886 2009 920 2065 R.
943 2011 1004 2066 eius
1026 2009 1208 2066 adversarius
1230 2009 1269 2066 ad
1294 2027 1351 2066 uos
1381 2015 1479 2085 appel-

244 2111 354 2164 victum
369 2114 396 2164 et
413 2107 507 2163 eidem
527 2107 710 2180 praebendae
731 2124 835 2163 renun-
885 2107 974 2175 lavit,
1003 2113 1031 2162 et
1054 2123 1229 2178 prosequens
1250 2109 1478 2179 appellationem

244 2207 347 2273 tiasse,
374 2204 452 2260 unde
472 2206 583 2260 litterar
604 2206 778 2276 apostolicas
798 2205 835 2261 ad
885 2205 997 2260 litteras
1025 2203 1078 2260 sub
1105 2205 1161 2260 hac
1188 2205 1280 2260 forma
1307 2209 1478 2277 reportavit,

247 2304 490 2358 conventrensem
513 2303 680 2374 episcopum
699 2303 835 2374 impetra·
886 2300 964 2373 quod
984 2302 1112 2372 praecisa
1127 2300 1324 2373 praebendam
1340 2319 1427 2361 auam
1441 2321 1478 2359 re·
1523 2369 1524 2372 Ἴ

243 2399 302 2467 vit,
331 2405 364 2454 ut
385 2399 410 2453 si
430 2399 473 2454 ita
494 2413 555 2454 esse
582 2405 741 2468 constaret,
770 2401 833 2456 scil.
886 2406 1048 2470 cuperaret,
1077 2407 1105 2453 et
1130 2398 1207 2469 quod
1227 2398 1403 2469 praedictus
1425 2403 1479 2472 epi·
1523 2431 1524 2434 =

244 2495 323 2568 quod
350 2495 444 2552 dictus
472 2495 504 2551 ll.
534 2495 570 2552 de
601 2495 731 2568 periurio
762 2503 835 2552 esset
885 2511 988 2566 scopus
1010 2495 1101 2550 iudex
1121 2496 1324 2552 communione
1350 2499 1477 2568 privare·

242 2593 361 2665 publice
390 2593 539 2650 convictur
568 2599 596 2648 et
621 2601 761 2666 perpetuo
786 2593 834 2649 illi
884 2600 946 2662 tur,
975 2599 1003 2648 et
1023 2593 1187 2663 praedictus
1209 2591 1260 2664 G.,
1283 2595 1310 2648 ei
1333 2609 1404 2651 enm
1425 2613 1477 2652 aa·

241 2689 424 2761 praebendae
459 2691 664 2760 renuntiasset,
704 2692 763 2768 ipm'
799 2689 832 2746 G.
883 2690 962 2761 plius
980 2691 1145 2761 infestaret,
1167 2691 1475 2760 excommunicaretur,

242 2789 404 2842 litterarum
443 2787 595 2857 portitori,
637 2788 833 2859 appellatione
884 2785 961 2841 unde
983 2785 1052 2857 quia
1082 2801 1139 2841 non
1168 2785 1331 2854 credimus,
1367 2804 1422 2844 nos
1442 2791 1476 2843 ita

242 2889 365 2952 remota,
407 2881 603 2955 praebendam
641 2883 831 2941 adiudicaret
882 2883 1011 2954 praecise
1038 2883 1206 2954 scripsisse,
1234 2890 1285 2938 aut
1311 2885 1340 2938 si
1363 2888 1475 2958 scripsi-

242 2980 327 3050 Qnod
345 2976 439 3056 [cnm]
462 2982 585 3049 fecisset,
608 2997 674 3037 reus
688 2989 754 3038 ante
769 2997 832 3038 exe·
882 2997 945 3035 mus
967 2995 1003 3035 ex
1019 2981 1111 3036 nimia
1125 2981 1315 3050 occupatione
1330 2981 1391 3039 hoc
1406 2985 1473 3039 acci-

241 3079 386 3134 cutionem
400 3079 558 3133 sententiae
580 3079 750 3149 appellavit,
772 3081 833 3150 epi·
883 3077 968 3146 disse,
991 3077 1046 3132 tibi
1065 3078 1270 3150 praecipimus,
1296 3079 1383 3149 quod
1404 3081 1472 3136 siin

241 3191 345 3246 scopus
367 3181 463 3230 autem
484 3175 547 3230 eius
568 3177 761 3246 appellationi
774 3193 832 3232 uon
882 3174 1016 3231 secundis
1040 3175 1144 3230 litteris
1165 3190 1221 3229 uon
1244 3181 1287 3228 eat
1307 3179 1423 3233 mentio
1443 3178 1472 3232 de

242 3273 384 3340 deterenr,
400 3273 476 3327 sicut
488 3287 542 3327 nec
555 3271 665 3341 debuit,
682 3274 751 3344 quia
764 3275 833 3329 scri·
881 3271 1044 3342 prioribur,
1065 3271 1191 3344 priorem
1213 3273 1393 3330 sententiam
1413 3291 1472 3332 cou-

239 3378 321 3442 ptum
339 3375 399 3426 erat
423 3369 637 3440 „appellatione
658 3367 831 3444 remota¹)“,
881 3369 975 3425 firmes
996 3375 1024 3424 et
1040 3368 1136 3439 ipsum
1150 3367 1183 3424 R.
1206 3366 1243 3422 ad
1264 3384 1317 3424 nos
1340 3385 1411 3428 cum
1431 3374 1473 3427 lit·
1523 3357 1524 3388 ³

240 3467 431 3522 nihilominus
458 3467 550 3522 actori
570 3465 766 3538 praebendam
788 3484 831 3524 as·
882 3467 950 3521 teris
970 3464 1150 3536 puniendum
1171 3463 1309 3520 remittas.

239 3565 374 3637 signavit.
426 3561 504 3618 Reus
535 3578 602 3619 vero
633 3565 696 3620 scil.
728 3565 761 3619 F.
794 3563 832 3620 ad

237 3661 440 3734 Apostolicnra
460 3660 580 3716 veniens
601 3663 739 3730 narravit,
761 3661 840 3733 quod
860 3666 926 3732 port
946 3658 1170 3730 appellationem
1191 3657 1282 3712 iuerat
1304 3659 1473 3729 praebenda

238 3757 396 3829 spoliatus,
425 3764 453 3812 et
479 3757 647 3828 impetravit
673 3759 784 3814 litteras
806 3755 844 3813 ed
864 3755 1118 3828 Centobrigensem
1139 3753 1415 3828 arehiepiscopum,
1446 3767 1473 3814 ut

238 3856 266 3911 ci
285 3852 481 3924 praebendam
509 3855 669 3911 restitueret
698 3855 807 3928 absque
837 3869 940 3910 causae
971 3851 1150 3926 cognitione,
1178 3859 1207 3907 et
1227 3851 1473 3914 Conventrensem

238 3951 416 4024 episcopum,
438 3951 507 4022 quia
525 3959 591 4022 post
611 3952 835 4024 appellationem
857 3967 922 4006 eum
943 3949 1119 4023 spoliaverat
1131 3944 1166 4021 ¹),
1188 3949 1230 4005 ric
1243 3951 1375 4022 puniret,
1399 3953 1474 4026 quod

235 4049 364 4120 privaret
384 4063 448 4103 eum
468 4053 609 4119 potestate
630 4049 720 4106 alicui
740 4047 912 4104 beneficium
934 4047 969 4103 de
990 4053 1084 4102 cetero
1099 4045 1257 4114 auferendi,
1281 4046 1380 4106 donec
1394 4054 1474 4108 satis-

236 4147 362 4202 facturus
392 4145 448 4200 iret
474 4145 523 4200 vel
549 4147 675 4202 mitteret
701 4145 738 4201 ad
765 4145 863 4202 sedem
890 4143 1089 4216 apostolicam.
1137 4141 1220 4198 'lunc
1245 4143 1472 4204 Conventrensis

236 4244 334 4298 omnia
354 4257 441 4312 rupra
461 4241 540 4298 dicta
560 4241 677 4299 domino
693 4243 788 4314 Papae
809 4241 868 4298 suis
889 4241 995 4296 litteris
1015 4240 1172 4308 intimarit,
1193 4239 1387 4311 Apostolicur
1406 4261 1472 4301 vero

236 4355 317 4395 snam
338 4339 508 4410 sententiam
528 4339 691 4408 revocavit,
720 4339 860 4395 mandans
884 4339 988 4396 iterum
1008 4337 1127 4395 domino
1149 4335 1283 4394 Cantaba.
1300 4331 1344 4411 ³),
1376 4348 1412 4398 ut
1431 4341 1473 4396 in·

310 4563 358 4624 Tit
376 4562 401 4622 ,2-
420 4594 453 4607 -
495 4566 516 4636 ¹)
542 4565 607 4620 Cod.
632 4563 729 4618 subeat
752 4565 913 4633 appellco'oae
935 4565 1069 4620 medica.
1140 4565 1163 4631 ²)
1188 4563 1253 4618 (lod.
1266 4575 1326 4632 poet
1342 4584 1387 4634 ap.
1406 4575 1469 4638 affra„
