3062 5174
217 235 278 302 354
606 239 754 296 nantel
785 241 836 296 ΕΤ
868 241 1065 300 BERNARDI

220 426 281 480 vita
301 430 330 479 et
349 423 497 478 honestate
526 421 696 478 clericorum
724 428 752 476 et
778 419 863 476 rebus
892 437 1006 490 eorum,
1034 422 1065 477 iu
1087 429 1190 494 quarto
1211 421 1248 480 de
1268 424 1467 480 matrimonio

160 533 167 543 ’
219 529 248 577 et
270 521 305 578 de
326 521 388 576 eius
409 518 633 590 impedimentis,
656 519 687 572 in
709 519 810 590 quinto
832 517 867 574 de
888 517 1059 574 criminibus
1080 529 1108 574 et
1128 522 1239 592 poenis.
1275 522 1468 594 Suppouitur

220 622 347 689 ethicae,
369 625 400 674 ut
421 616 474 672 alii
495 615 565 671 libri
586 616 667 671 iuris.

464 839 489 898 ².
530 838 664 896 bunna
694 834 736 894 ad
766 833 821 894 tit.
852 835 893 894 de
923 835 1068 908 regulis
1098 835 1202 897 luris.

299 991 368 1046 Post
389 995 525 1044 tractatus
547 988 696 1045 titulorum
718 985 753 1040 de
775 979 972 1057 siuguloribus
993 989 1121 1044 materiis
1137 989 1318 1059 loquentium
1333 987 1462 1042 subiicit

221 1081 384 1164 [magister]
419 1085 535 1141 titulum
571 1084 728 1157 generalem
765 1098 786 1136 s.
819 1082 855 1137 de
890 1084 997 1154 regulis
1032 1086 1113 1139 iuris.
1164 1084 1347 1152 Videndum,
1388 1090 1462 1154 quot

219 1185 313 1242 modis
424 1183 616 1253 complectens
642 1177 683 1253 (v.
707 1179 884 1236 Bernardum
906 1179 1092 1256 Papiensem)
1115 1183 1346 1249 universitatem,
1380 1181 1461 1235 unde

219 1282 342 1339 dicitur:
364 1283 464 1356 regula
485 1295 558 1351 quoe
580 1295 638 1336 rem
658 1277 787 1332 breviter
808 1286 935 1345 enarrat,
960 1277 1022 1350 DIg.
1047 1277 1082 1333 de
1105 1295 1160 1352 reg.
1182 1280 1236 1334 inr.
1258 1273 1342 1346 L.1;
1376 1285 1407 1332 et
1427 1279 1461 1331 in

217 1386 272 1440 hac
294 1387 396 1452 quarta
417 1376 627 1450 significatione
648 1376 697 1430 hie
718 1375 847 1430 sumitur.
897 1373 944 1429 Ad
972 1390 1032 1432 esse
1060 1377 1175 1447 regulae
1203 1376 1344 1448 erigitur,
1378 1375 1459 1446 quod

220 1481 257 1535 sit
284 1477 426 1551 generalis
455 1482 482 1530 et
509 1488 651 1543 nusquam
679 1471 778 1540 lallat3
807 1471 945 1526 siautem
968 1472 1102 1528 iallotin
1124 1474 1327 1545 aliquemne,
1355 1473 1458 1544 perdit

221 1576 349 1634 eiflcium
377 1589 460 1628 suum
489 1571 520 1626 iu
547 1571 601 1626 illo
628 1584 712 1637 casu,
740 1569 772 1623 in
800 1583 857 1640 quo
886 1569 977 1638 tollit,
1007 1577 1039 1624 ut
1059 1569 1123 1641 Dig.
1148 1570 1211 1626 eod.
1233 1568 1316 1640 L.1‚
1345 1579 1376 1627 et
1397 1573 1456 1627 iere

219 1690 316 1731 omnes
344 1670 461 1744 regulae
488 1669 638 1739 patiuntur
665 1666 880 1734 exceptionem,
909 1664 987 1720 unde
1014 1665 1122 1722 dieitur
1142 1663 1221 1736 L.1,
1250 1669 1329 1740 quod
1358 1671 1454 1725 omnis

218 1769 355 1826 difinitio
377 1769 408 1822 iu
429 1768 492 1822 Iure
512 1764 677 1836 periculoso
698 1769 757 1830 est;
781 1763 857 1816 nihil
879 1770 921 1818 est
942 1764 1034 1832 euim,
1057 1764 1135 1836 quod
1157 1765 1286 1822 subverti
1307 1782 1368 1822 nou
1391 1783 1455 1838 pos·

218 1869 256 1923 sit
276 1875 304 1922 et
324 1865 523 1935 exceptionem
545 1877 603 1916 nou
624 1861 767 1931 patiatur,
789 1866 820 1914 ut
841 1859 906 1932 Dig.
930 1861 994 1915 eod.
1019 1862 1111 1918 Omm's
1131 1863 1257 1934 diffinitio
1279 1862 1327 1934 (L.
1344 1859 1389 1937 1).
1421 1865 1453 1918 ln

218 1979 329 2021 summa
355 1959 530 2027 notandum,
563 1957 642 2029 quod
668 1958 728 2028 pla.
758 1956 849 2024 dixit,
879 1956 933 2011 sub
961 1960 1061 2030 regula
1087 1961 1271 2031 exceptiones
1298 1963 1452 2030 contineri,

219 2063 290 2134 quia
310 2057 495 2134 generalibus
517 2057 658 2128 specialia
677 2055 792 2123 insunt,
817 2061 849 2108 ut
869 2054 935 2127 Dig.
957 2054 993 2111 de
1014 2070 1072 2127 reg.
1094 2057 1149 2110 iur.
1171 2054 1451 2132 Smper(L.14'().

218 2156 276 2214 Sed
303 2157 347 2211 nil
374 2161 431 2222 est,
461 2149 540 2224 qnod
568 2151 657 2220 dicit;
688 2167 787 2206 verum
816 2158 858 2205 est
885 2151 979 2221 enim,
1008 2151 1086 2223 quod
1114 2155 1224 2224 speeies
1244 2155 1322 2209 inest
1343 2159 1450 2228 generi,

217 2253 344 2326 quiade
366 2265 538 2322 quoeunque
558 2247 743 2320 praedIeatur
763 2249 890 2319 speeies,
913 2256 941 2304 et
962 2263 1066 2320 genus,
1088 2258 1121 2305 ut
1134 2251 1159 2305 si
1172 2250 1258 2306 homo
1279 2248 1367 2325 (God.
1392 2253 1451 2327 loe)

217 2358 275 2419 est,
298 2349 406 2404 animal
426 2345 512 2419 (God.
531 2346 584 2420 cl.)
604 2352 662 2415 est;
684 2345 735 2400 sed
755 2347 872 2418 regulae
885 2346 1076 2417 exceptiones
1096 2363 1153 2403 non
1175 2348 1285 2416 insunt,
1306 2363 1374 2404 cum
1398 2352 1452 2405 sint

216 2447 377 2504 contrariae
398 2445 523 2517 regulae,
546 2451 574 2499 et
594 2443 738 2500 contraria
759 2444 910 2498 cohaerere
932 2459 987 2500 nou
1002 2450 1132 2514 possunt,
1155 2441 1215 2518 [ut]
1231 2445 1262 2500 0.
1273 2445 1355 2501 XVI.
1371 2441 1453 2518 qul

217 2545 249 2600 ln
269 2561 340 2600 noca
360 2545 464 2599 actione
486 2539 525 2614 (e.
541 2535 604 2616 22).
625 2569 666 2584 -
708 2540 881 2596 Benedieam
902 2556 1007 2597 nomen
1029 2541 1156 2597 Domini.

548 2814 600 2894 B.
647 2811 857 2897 lilllllllllll
882 2811 1113 2902 Ptnntlstt

669 3015 707 3088 .¹·
751 3011 980 3074 Prooemium.

294 3165 443 3222 Formavit
465 3164 540 3220 Deus
561 3163 707 3220 homiuem
728 3161 767 3218 ad
786 3163 941 3235 imaginem
962 3162 1008 3220 vel
1028 3163 1250 3220 similitudinem
1272 3181 1367 3236 sunm,
1391 3163 1448 3244 [ut]

217 3266 248 3322 O.
263 3261 402 3320 XXXIII.
424 3255 506 3333 qub
527 3259 605 3330 Haec
632 3262 720 3330 tmaqo
749 3255 788 3332 (c.
804 3254 857 3333 13)
885 3267 914 3316 et
935 3259 1005 3316 Cod.
1031 3259 1066 3316 de
1087 3262 1188 3332 poeuis
1209 3261 1323 3334 Siquis
1345 3267 1376 3318 in
1395 3284 1449 3320 me-
1520 3275 1521 3314 t

215 3363 307 3417 tollam
327 3357 376 3434 (L.
390 3353 453 3431 17).
494 3357 562 3412 Fuit
582 3353 680 3412 antem
699 3363 810 3413 oreatus
834 3359 866 3412 iu
893 3359 1020 3428 perlecta
1047 3363 1140 3413 aetate
1167 3358 1230 3414 scil.
1259 3361 1361 3430 virili,
1391 3358 1449 3438 [ut]
1520 3411 1521 3418 ,

216 3457 252 3512 de
272 3457 382 3530 poenit.
404 3455 450 3510 Di.
467 3454 503 3510 ΙΙ.
526 3453 699 3528 §Romanos
720 3459 747 3510 et
766 3453 855 3508 Adam
876 3471 938 3509 vero
966 3451 1060 3526 (Grut.
1084 3453 1152 3510 dict.
1175 3455 1213 3510 ad
1233 3471 1257 3512 c.
1273 3451 1313 3514 29
1335 3465 1366 3514 et
1385 3454 1447 3534 30),
1520 3447 1521 3514 J

216 3553 410 3609 necessarium
431 3553 486 3607 fuit
506 3568 589 3624 ergo,
612 3559 644 3608 ut
664 3550 783 3606 heberet
801 3551 881 3619 inra,
904 3567 956 3622 per
977 3567 1049 3624 quae
1071 3559 1230 3625 regeretur3
1251 3553 1328 3609 uude
1348 3555 1449 3612 videu-

217 3649 303 3718 dum,
325 3647 398 3721 quid
418 3649 457 3704 sit
476 3651 532 3705 ius.
572 3647 625 3702 Est
645 3649 721 3704 enim
742 3651 787 3704 ius
809 3664 854 3703 ars
966 3647 1002 3703 ab
1023 3647 1123 3721 iniquo
1144 3647 1186 3722 (v.
1209 3649 1397 3726 Damasum),
1419 3661 1450 3709 ut

215 3746 280 3819 Dig.
303 3746 339 3801 de
359 3745 425 3802 inst.
449 3752 476 3802 et
495 3746 559 3801 iure
576 3747 608 3800 L.
625 3741 652 3814 1,
675 3747 756 3802 ouius
776 3745 849 3800 iuris
871 3744 945 3801 duae
966 3754 1033 3802 sunt
1057 3747 1176 3817 speeies,
1198 3746 1329 3802 naturale
1350 3755 1381 3804 et
1399 3765 1448 3821 po·

214 3843 342 3899 sitivum.
384 3841 520 3899 Naturale
540 3845 586 3898 ius
608 3850 665 3912 est,
689 3841 768 3914 quod
789 3843 885 3913 eoepit
905 3841 942 3898 ab
959 3841 1077 3900 exordio
1092 3843 1276 3900 rationabilis
1291 3851 1447 3914 creaturae,

213 3956 267 3997 uec
295 3939 423 3995 variatur
451 3945 595 4012 tempore,
627 3939 679 3996 scd
704 3939 888 3996 immutabile
915 3947 1094 4010 perseveret,
1124 3957 1181 4014 quo
1209 3941 1272 3996 iure
1300 3941 1335 3997 ab
1362 3944 1447 3999 initio

213 4033 346 4094 homines
375 4035 561 4110 regebantur,
591 4035 628 4094 de
656 4053 713 4110 quo
740 4036 829 4093 habes
851 4037 897 4090 Di.
914 4035 947 4090 V.
970 4031 1018 4110 §1
1039 4033 1135 4111 (Grat.
1163 4036 1232 4094 diet.
1261 4035 1300 4092 ad
1323 4039 1445 4116 prmo),

214 4131 293 4206 quod
313 4141 343 4191 et
362 4140 465 4191 natura
485 4133 584 4189 omnia
604 4133 743 4190 animalia
764 4134 865 4190 docuit
885 4140 938 4190 etc.
961 4140 1013 4190 etc.

461 4355 487 4416 2.
527 4353 663 4416 summa
692 4353 734 4414 ad
763 4352 819 4414 tlt.
849 4353 892 4414 de
922 4353 1067 4428 results
1096 4353 1201 4416 luris.

294 4501 363 4560 Post
383 4511 535 4562 tractatum
648 4505 667 4559 i.
683 4520 707 4560 e.
731 4503 767 4560 de
788 4505 895 4576 regulis
915 4506 988 4561 iuris
1009 4501 1051 4578 (v.
1067 4503 1176 4580 itam),
1197 4505 1247 4575 qui
1269 4519 1363 4563 onnes
1384 4523 1441 4563 am·

212 4600 365 4672 plectitur,
393 4601 426 4656 in
446 4617 531 4674 quem
551 4602 687 4659 terminat
706 4602 843 4674 magister
864 4593 1017 4659 tracta'tum
1037 4617 1128 4658 suum.
1170 4599 1254 4658 Unde
1274 4601 1437 4674 silendam,
