3098 5184
568 227 804 286 astratus.
1233 225 1299 286 LIX

77 405 256 470 decretalium
278 405 408 470 doctoris
428 411 564 469 saumas
584 421 655 468 esse
682 407 787 470 incerti
808 405 877 469 anni
906 404 1061 488 epistolas,
1090 403 1194 488 quibus
1216 403 1298 468 illum

76 518 236 597 rogaverit,
264 525 295 579 ut
316 515 441 580 Paduam
470 517 585 578 veniret
612 516 711 598 ibique
739 516 858 598 legeret
885 516 915 578 in
943 516 1007 578 iure
1024 513 1098 595 140);
1126 521 1202 578 teste
1224 532 1298 578 uero

76 627 232 708 Augustino
249 627 303 702 ¹⁴¹)
334 627 364 688 in
397 625 517 690 scholiis
552 627 735 707 antiquarum
772 625 1009 706 compilationum
1038 632 1067 688 et
1096 625 1126 692 (i.
1151 624 1324 694 imecurt

76 737 177 799 mentio
198 735 229 798 lit
250 737 327 799 inter
350 743 481 800 veterum
501 738 691 816 interpretum
713 736 877 816 opiniones,
899 735 969 797 lieet
989 735 1085 798 rarius
1103 737 1143 798 ita
1158 735 1297 816 seriptum

74 847 158 926 ipsius
185 861 295 908 nomen
317 853 461 908 occurrat.
504 843 547 906 De
569 845 627 908 boo
647 847 745 926 itaque
771 844 850 906 illam
871 845 1038 927 intelligere
1067 845 1172 928 siglam
1199 845 1299 908 licebit

74 961 100 1018 ct
119 955 281 1034 maluerim,
303 956 334 1017 ni
355 955 430 1028 forte
452 955 507 1018 sub
527 973 563 1018 ea
585 955 676 1018 latitet
697 954 842 1016 obscurus
864 953 914 1016 illa
935 955 1122 1018 decretorum
1138 954 1296 1036 glossator,

73 1065 115 1128 cui
135 1067 295 1130 Cardiualis
321 1083 489 1148 cognomen
511 1063 574 1126 dari
595 1064 687 1144 solet,-
717 1064 845 1128 Gratiani
867 1081 976 1126 nomeu
998 1063 1089 1128 tuisse
1111 1064 1216 1127 dicitur
1231 1061 1297 1140 ¹⁴²).

72 1176 203 1258 Quisquis
224 1184 322 1239 autem
350 1175 437 1238 tuerit
465 1174 515 1237 ille
538 1174 589 1252 G.,
612 1191 649 1234 eo
678 1173 851 1254 instigatore
873 1173 1057 1236 Bcruurdum
1079 1174 1236 1254 scripsisse
1259 1173 1297 1236 de

73 1286 242 1348 matrimonii
263 1285 498 1366 impedimentis,
521 1285 546 1345 si
568 1301 627 1345 nou
647 1301 701 1365 pro
723 1283 879 1358 versimili,
909 1289 992 1346 certe
1014 1301 1068 1365 pro
1090 1283 1167 1347 haud
1188 1285 1297 1364 impro-

72 1395 152 1458 babili
173 1395 346 1475 habuerim,
373 1393 545 1476 praesertim
569 1394 721 1474 cumipse
746 1395 776 1456 in
798 1392 914 1457 casibus
931 1391 985 1470 143)
1008 1401 1142 1474 enarret,
1165 1411 1200 1456 se
1218 1393 1294 1476 llag.

72 1505 104 1568 G.
125 1506 282 1588 aliquando
303 1506 457 1568 Bononiae
478 1503 570 1566 luisse
593 1502 764 1566 auditorem.

147 1615 272 1681 Scholas
294 1615 421 1678 habendi
442 1633 479 1676 an
500 1621 570 1675 tune
591 1613 648 1675 ium
663 1612 833 1676 Beruardus
857 1612 904 1675 vel
925 1611 1003 1676 haud
1026 1612 1116 1675 multo
1136 1619 1201 1694 post
1215 1612 1297 1676 fece·

71 1726 102 1788 rit
122 1727 253 1804 initium,
282 1727 311 1788 in
340 1725 478 1807 ambiguo
500 1731 554 1786 est.
598 1722 729 1784 Alteram
760 1739 831 1784 vero
861 1722 898 1784 de
923 1723 1070 1784 electione
1091 1740 1234 1786 summam
1257 1742 1296 1786 ex

71 1834 173 1900 scholis
196 1815 347 1916 prodiisse
365 1835 396 1898 in
418 1833 575 1916 publicum,
597 1831 740 1913 praefatio
756 1829 810 1908 ¹44)
833 1832 929 1910 dccet,
953 1851 1028 1914 quae
1050 1833 1295 1896 associabis.

72 1946 232 2008 auditorum
260 1945 400 2026 petitione
427 1945 520 2006 amica
548 1943 634 2004 buius
655 1949 794 2005 tractatus
815 1943 921 2024 repetit
942 1959 1054 2005 ansam.
1098 1943 1296 2006 Bononiensis

71 2056 186 2135 originis
210 2073 249 2116 ea
270 2055 333 2135 ipsa
355 2054 384 2116 in
406 2071 519 2119 summa
542 2051 652 2114 nullum
674 2052 773 2131 reperi
792 2051 949 2131 iudicium,
979 2059 1078 2116 brnen
1100 2053 1297 2134 alienigenam

70 2182 128 2227 eam
149 2182 211 2227 non
236 2163 405 2236 habuerim,
436 2163 611 2242 praesertim
641 2179 708 2222 cum
730 2161 760 2222 in
783 2161 972 2224 decretalium
994 2180 1125 2243 summa,
1152 2164 1222 2226 licet
1242 2164 1297 2226 Fa·

69 2275 175 2338 sentiae
198 2274 375 2355 composita,
401 2291 450 2335 res
466 2273 673 2334 Bononienses
695 2289 912 2352 saepenumero
934 2271 1055 2336 denotet
1075 2279 1176 2336 auetcr
1198 2288 1296 2356 eoque

70 2384 148 2446 modo
169 2391 274 2466 tangat
290 2382 355 2462 ¹⁴⁵),
378 2391 409 2445 ut
433 2383 482 2444 vix
502 2381 621 2444 dubium
642 2381 732 2461 possit
757 2397 839 2457 esse,
865 2382 943 2461 quin,
967 2382 1045 2462 quod
1065 2383 1137 2446 olim
1157 2384 1222 2465 ipse
1244 2384 1296 2446 do·

69 2493 155 2556 cendo
178 2501 209 2556 at
234 2493 364 2574 legendo
390 2491 496 2554 viderit
518 2491 698 2566 audientes,
728 2489 909 2553 auditoribus
936 2491 1053 2554 madere
1072 2499 1123 2555 aut
1141 2494 1171 2555 iu
1193 2511 1297 2556 eorum

69 2605 236 2666 memoriam
265 2621 410 2666 revocare
441 2601 575 2664 voluerit
618 2601 765 2664 Breviarii
798 2600 1051 2681 compilationem,
1083 2609 1115 2664 ut
1144 2621 1210 2666 mea
1239 2603 1297 2668 fert

69 2713 173 2793 opinio,
206 2713 370 2776 antaoessit
398 2711 435 2774 da
464 2710 610 2774 electione
637 2709 798 2789 summula;
831 2728 899 2772 uam
929 2711 998 2774 lieet
1025 2710 1080 2774 suh
1107 2713 1213 2790 titulis,
1236 2731 1296 2776 uun

69 2830 158 2885 amen
180 2823 239 2886 sub
261 2823 399 2886 breviarii
420 2821 545 2884 rubricis
566 2819 732 2884 decretales
756 2819 888 2882 videmus
910 2820 1050 2900 laudatas,
1072 2839 1170 2903 noque
1191 2823 1297 2886 desunt
1406 2882 1407 2885 ,

70 2939 95 2994 et
113 2933 186 2996 aliae
209 2931 411 3014 probationes.
455 2929 560 3013 hlagna
586 2930 720 3011 profecto
749 2931 825 2992 inter
853 2947 957 2994 omnes
982 2933 1054 2995 istas
1076 2932 1296 3013 compilationes

69 3041 144 3106 adest
171 3041 358 3104 rubricarum
387 3039 595 3103 concordantia
625 3037 673 3100 uel
696 3038 871 3117 similitudo,
899 3041 1044 3122 indeque,
1067 3061 1132 3104 cum
1155 3042 1295 3105 librorum

72 3160 97 3214 et
124 3153 276 3216 titulorum
311 3167 474 3230 uunquam,
511 3148 702 3230 capitulorum
733 3149 848 3212 numeri
880 3163 948 3212 raro
982 3150 1018 3212 ab
1049 3151 1125 3214 illius
1156 3152 1298 3232 temporis

72 3262 258 3343 scriptoribus
288 3259 355 3323 addi
384 3259 515 3338 soleant,
543 3257 620 3320 haud
649 3275 738 3339 parva
767 3259 894 3321 nascitur
914 3259 1077 3324 difficultas
1091 3259 1299 3340 constituendi,¹
1390 3259 1395 3263 ’

72 3387 120 3449 qua
141 3372 270 3452 quisque
297 3370 411 3434 illarum
438 3367 526 3432 luerit
553 3385 636 3431 usus.
679 3368 739 3430 lam
768 3385 843 3430 vero
862 3387 960 3450 neque
981 3371 1012 3432 in
1033 3371 1206 3452 Appendioa
1228 3390 1298 3436 oon·

73 3480 123 3543 cili
142 3481 364 3560 lateranensis,
393 3497 491 3560 neque
517 3480 548 3542 in
569 3477 757 3558 Cassellaua,
787 3477 932 3560 Lipsieusi
960 3480 1010 3544 vel
1031 3499 1088 3562 qua
1109 3481 1165 3545 alia
1187 3484 1217 3545 in
1239 3482 1301 3546 col-

95 3719 226 3785 ¹⁴·)1bid.
244 3723 295 3778 sub
315 3722 363 3776 Ns.
376 3722 452 3776 VIII.
473 3723 513 3794 §3
532 3730 557 3776 et
576 3723 627 3776 sub
646 3721 693 3775 Nr.
707 3721 808 3776 XXVI.
829 3724 944 3794 §1—3.

95 3806 135 3870 ¹⁴¹)
154 3809 219 3862 Vid.
239 3810 582 3868 eiusneteaade.10de
602 3810 754 3876 desponsat.
773 3811 876 3880 impub.
895 3813 955 3876 (IV.
967 3813 997 3880 2)
1014 3832 1040 3867 v.
1059 3815 1198 3881 conabere.
1279 3861 1282 3873 ,

96 3893 136 3959 ¹⁴³)
157 3894 197 3948 (ll.
218 3900 339 3950 llaasseull
357 3898 479 3966 Beitraige
501 3895 732 3964 etc.pag·18sq.
1206 3967 1207 3973 ἵ
1259 3911 1263 3919 ·

96 3979 136 4046 ¹⁴³)
153 3983 197 4034 Ad
218 4000 242 4034 c.
264 3982 322 4033 Cum
343 3981 450 4034 Christus
468 3985 504 4046 (c.
520 3983 548 4045 5)
568 3983 601 4034 de
619 3983 760 4036 haereticis
780 3983 826 4046 (V.
840 3985 869 4048 5)
887 3986 953 4039 haee
972 3986 1113 4053 leguntur,
1133 4004 1217 4056 quae,
1236 3989 1299 4041 lieet

151 4070 297 4134 mendosa,
323 4069 356 4121 ad
378 4071 492 4123 litteram
515 4069 577 4122 dare
603 4069 702 4135 placet:
731 4068 803 4136 Mag.
824 4068 869 4134 G.,
896 4089 983 4136 quem
1007 4089 1062 4140 epo
1086 4074 1172 4138 opud
1190 4073 1298 4124 Bono·

151 4156 236 4206 uiam
261 4156 440 4221 aliquando
464 4157 589 4219 audivi,
615 4156 805 4222 dogmatu'zabut,
832 4157 950 4210 Christum
970 4174 1018 4210 non
1035 4178 1085 4210 ease
1104 4161 1199 4226 aliquid
1216 4179 1298 4212 seeun-

152 4241 210 4292 dum
236 4242 303 4306 quod
324 4242 402 4306 homo,
431 4244 474 4308 qui
495 4260 538 4292 uec
555 4251 591 4292 est
606 4244 741 4294 ecterenrie
756 4263 803 4294 uon
821 4255 856 4296 est
869 4263 976 4311 persona
992 4247 1118 4298 seeundum
1140 4249 1206 4314 quod
1223 4249 1296 4311 homo,

151 4328 196 4377 secl
216 4329 299 4394 potius
322 4329 393 4393 quasi
413 4329 514 4392 habere,
537 4330 599 4379 anda
615 4327 717 4394 Apost:
740 4332 840 4394 ,babitu
862 4334 970 4386 iuventus
994 4344 1021 4386 ut
1039 4335 1139 4399 bomo,“
1162 4352 1233 4401 super
1251 4353 1297 4402 quo

152 4414 205 4464 loeo
222 4414 367 4481 Equosa'tor:
385 4416 498 4479 ,habitus
509 4417 565 4482 fuit
584 4415 678 4468 otnero
695 4420 811 4484 euecapao
828 4420 956 4474 hemionis.“
994 4420 1100 4474 Ceterum
1118 4431 1159 4476 etc

99 4497 141 4560 ¹⁴⁴)
157 4500 230 4554 Vide
248 4505 316 4556 iufra
335 4519 395 4571 pag.
409 4503 469 4559 sot.

99 4584 139 4650 ¹⁴³)
157 4586 190 4640 Ε.
211 4603 237 4656 g.
256 4588 291 4640 ad
309 4591 347 4642 tit.
368 4589 401 4642 de
419 4591 510 4642 usuris
529 4589 576 4654 (V.
598 4591 642 4656 15)
661 4590 713 4662 §ih
732 4607 791 4660 pag.
803 4590 863 4648 238.
