3062 5174
578 255 825 314 TESTIMONIA.
1259 249 1316 316 361

84 439 149 496 lieri
170 439 247 508 lecit,
270 453 343 510 qnae
364 439 448 494 tertia
469 435 629 504 dicebatur,
652 442 679 491 et
700 437 756 492 luit
778 436 819 491 de·
836 435 1029 494 decretalibus
1050 453 1103 509 par
1120 438 1215 509 ipsum
1230 435 1317 494 editis

82 553 177 608 usquc
197 536 235 592 ad
254 537 312 591 XII
333 553 441 592 annum
462 537 507 590 sui
533 535 734 605 pontificatus,
764 540 828 606 post
856 550 941 606 quarn
970 535 1065 591 adbuc
1089 536 1158 592 iecit
1179 536 1325 608 quasdam*

83 634 159 688 alias
181 633 337 689 decretales
359 641 386 688 et
405 634 435 687 in
459 633 584 688 concilio
606 631 733 704 generali
748 630 887 702 quasdam
904 634 1123 690 constitutiones
1139 633 1316 704 scillam,

164 731 199 787 de
221 730 326 802 quibus
351 731 419 787 iecit
448 738 578 802 quartam
608 730 851 800 compilationem.
894 727 1015 783 Domum
1037 729 1227 786 Honorius
1249 731 1318 786 fecit

80 829 225 900 quintam,
249 843 334 900 quam
355 827 430 900 Mag.
447 825 645 883 Tancredo
666 826 785 897 antiquo
808 826 921 882 doctori
942 832 1039 882 nostro
1061 833 1089 881 ct
1110 828 1316 884 archidiacono

81 925 262 989 Bononiensi
284 923 407 994 direxit3
430 924 465 980 dc
487 924 593 996 quibus
615 924 749 978 omnibus
769 922 923 996 Gregorius
945 925 1014 978 iecit
1033 939 1129 980 unam·
1164 925 1201 980 Et
1216 925 1318 980 dicunt

81 1022 213 1094 quidam,
237 1021 315 1094 qnod
335 1023 494 1094 impulsiva
512 1037 598 1077 causa
612 1022 698 1076 huius
714 1021 930 1092 compilationis
947 1023 1010 1089 luit,
1032 1020 1119 1092 quod,
1142 1036 1206 1076 cum
1221 1035 1317 1076 coram

80 1120 220 1192 Gregorio
256 1120 429 1192 allegaretur
463 1119 590 1175 secundo
622 1135 697 1174 anuo
737 1121 782 1173 sui
812 1119 996 1190 pontificatur
1030 1117 1184 1174 decretalia
1220 1119 1317 1173 Corum

81 1214 122 1288 (c.
140 1213 187 1276 35.
201 1215 252 1291 X.)
275 1216 310 1272 dc
325 1217 417 1284 elect,
440 1223 467 1272 et
485 1233 542 1272 nou
564 1218 736 1287 reperiretur
756 1217 789 1270 in
811 1217 1033 1287 compilatione,
1055 1217 1124 1288 qnia
1144 1221 1205 1271 erat
1225 1223 1319 1272 extra-

81 1331 208 1386 vagans,
236 1314 349 1370 idcirco
377 1315 611 1385 compilationem
640 1315 715 1369 hanc
736 1314 801 1368 fleri
826 1314 929 1382 iussit3
958 1312 1009 1368 sed
1030 1314 1135 1368 falsum
1156 1319 1214 1381 cst,
1237 1312 1318 1384 quod

80 1413 237 1470 decretalis
267 1413 366 1467 Coram
393 1419 467 1468 esset
493 1419 699 1485 extravagans3
721 1411 880 1466 eratenim
902 1411 963 1466 cius
985 1411 1028 1466 tit.
1047 1412 1142 1482 prima
1161 1411 1194 1465 in
1216 1415 1319 1482 quarta

83 1509 300 1580 compilatione.

102 1735 106 1742 Χ
191 1771 220 1840 2.
269 1770 307 1838 ln
342 1770 481 1851 glossa
515 1773 563 1840 ad
598 1770 836 1853 prooemium
870 1769 1203 1840 clementinorum

592 1882 810 1953 clamares.

165 2054 242 2109 Inter
270 2055 483 2110 canonistarum
512 2055 597 2108 etiam
623 2056 843 2110 commentarios
863 2055 918 2110 hoc
939 2068 1042 2108 nomeu
1064 2053 1165 2124 viguit.
1208 2052 1318 2109 Habui·

78 2169 145 2207 mus
175 2152 250 2206 enim
277 2152 456 2206 Ioannem
485 2151 778 2220 Thentonicum,
807 2150 1028 2223 praeferendum
1056 2166 1114 2205 non
1143 2166 1179 2205 ex
1204 2149 1316 2220 ordine,

78 2245 133 2304 sed
155 2264 192 2303 ex
212 2249 322 2317 fructu,
345 2249 522 2304 Ioannem
544 2247 744 2304 Galensem
764 2249 1028 2320 Vultcranum,
1054 2249 1231 2303 Ioannem
1252 2247 1318 2302 Hi-

47 2341 48 2344 ’
79 2362 246 2418 spanum,
268 2345 447 2401 Ioannem
469 2346 733 2414 Faventiuum,
755 2346 930 2402 Ioannem
953 2344 1192 2416 doFaucona,
1214 2345 1318 2402 Ioan-

76 2459 161 2498 nem
184 2441 226 2498 da
246 2442 443 2511 Archous,
471 2442 648 2498 Ioannem
671 2443 712 2497 de
735 2444 807 2499 Deo
829 2445 916 2498 etiam
938 2443 1115 2513 Hispanum,
1137 2444 1317 2498 Ioannem

76 2541 114 2594 de
150 2539 246 2612 langui
282 2540 357 2595 cella
387 2539 604 2608 caesenatensi,
639 2539 815 2596 Ioannem
849 2539 1083 2606 monachum,
1120 2539 1315 2595 Cardiualem.

76 2636 141 2707 Ego
173 2637 274 2704 etlam,
306 2637 356 2706 qui
387 2652 496 2692 mernor
526 2653 589 2692 sum
621 2637 695 2693 inter
724 2637 779 2692 XlI
808 2636 938 2696 doctores
971 2637 1089 2708 collegii
1123 2636 1316 2692 Bononiensis

75 2747 124 2787 me
156 2740 288 2804 quartum
319 2735 408 2788 inisse
440 2733 591 2801 loannem,
627 2751 704 2790 nuuc
735 2735 811 2790 iuter
841 2751 889 2790 eos
921 2736 1017 2802 solus,
1049 2732 1100 2788 sed
1132 2734 1208 2788 inter
1240 2749 1317 2790 com-

76 2833 251 2884 mentatores
273 2815 418 2900 decimus,
440 2832 526 2886 etiarn
548 2831 668 2904 denigro
689 2847 849 2904 papyrum,
872 2832 944 2886 iortc
967 2846 1024 2886 uon
1047 2829 1152 2903 dignus
1174 2845 1315 2902 occuparo

79 2925 263 2982 membranas
284 2934 337 2984 eto.

213 3187 242 3255 3.
291 3186 329 3254 tn
364 3187 644 3256 additionibus
678 3191 726 3257 cd
761 3187 942 3256 dullelnl
977 3187 1182 3272 speculum

598 3297 803 3367 iudiciale.

160 3493 217 3509 ....
238 3453 301 3510 Non
322 3455 445 3524 mireris,
468 3455 492 3510 si
514 3469 612 3524 omues
633 3471 721 3527 supra
741 3457 865 3527 scriptos
886 3458 916 3512 in
938 3458 1085 3529 prooemio
1102 3455 1241 3512 Novellae
1256 3472 1315 3512 uon

78 3551 236 3622 descripsi,
265 3567 330 3606 cunr
352 3550 396 3606 ibi
416 3553 447 3606 in
472 3554 575 3608 versic.
597 3555 769 3625 antiquorum
797 3555 891 3609 solum
912 3554 948 3609 de
968 3554 1030 3621 bis,
1059 3555 1111 3623 qui
1138 3556 1315 3626 scripserant

79 3649 315 3720 superquinque
337 3650 464 3720 antiquis
486 3649 743 3720 compilationibus
765 3652 812 3704 vel
834 3652 924 3707 altera
944 3651 1072 3718 illarum,
1094 3651 1216 3706 iacerem
1237 3667 1315 3707 meu-

78 3747 197 3813 tioncm,
218 3746 268 3800 hic
288 3761 356 3800 vero
378 3745 525 3817 loquendo
546 3747 582 3801 de
603 3746 817 3817 expositoribus
838 3749 911 3820 legis
933 3748 1089 3803 canonicae
1111 3749 1207 3803 omnia
1221 3749 1315 3819 ipsius

77 3844 188 3912 scripta
208 3850 235 3897 et
255 3843 405 3900 volumina
426 3843 654 3914 comprehendit.
684 3843 722 3898 Et
735 3852 830 3900 tamen
846 3844 881 3900 de
896 3844 1033 3915 antiquis,
1056 3860 1127 3915 quos
1141 3843 1185 3898 ibi
1200 3846 1314 3914 scripsi,

76 3940 280 4009 praetermittit
299 3940 527 3996 Bernardum
547 3941 773 4012 Papieusem
796 3938 897 4013 (oredo
920 3949 1024 4009 tamen,
1047 3940 1134 4012 quod,
1156 3941 1208 3996 ubi
1227 3955 1315 4012 supra

77 4043 122 4092 est
135 4035 268 4090 Petrus
289 4035 503 4107 Papiensis,
527 4037 613 4094 debet
627 4053 688 4093 esse
700 4037 889 4112 Bernartius),
911 4041 980 4094 item
995 4039 1144 4110 antiquum
1160 4039 1314 4092 Bernar-

77 4132 161 4187 dnm
189 4133 544 4203 Compostellanum
576 4133 628 4209 (de
654 4151 729 4190 novo
758 4151 816 4191 non
844 4151 1019 4208 conqueror,
1049 4137 1100 4206 qui
1128 4141 1242 4190 secutus
1271 4141 1315 4188 est

74 4228 190 4303 istum),
212 4230 281 4285 item
295 4228 753 4305 RichardumAnglicum,
775 4240 803 4288 et
819 4231 1312 4302 Rodoionm‚Bertrandum,

77 4325 308 4382 Guilelmum
328 4326 525 4396 Nasonem,
555 4345 641 4401 quem
668 4339 763 4388 tamon
793 4331 900 4404 allegat
926 4324 1111 4386 intranti.
1133 4323 1191 4400 32.
1213 4345 1240 4382 v.
1262 4331 1311 4384 aad

75 4425 205 4496 namquid
225 4433 274 4479 etc.
370 4431 399 4480 ct
426 4425 664 4497 Philippum,
694 4444 780 4499 quem
807 4429 893 4483 etiam
922 4428 1030 4498 allegat
1056 4427 1135 4480 inira
1162 4425 1311 4497 deprimo

75 4521 191 4576 decreto
212 4519 230 4592 ς
249 4539 319 4576 anae
338 4523 476 4577 uideamus
496 4525 528 4578 in
550 4524 616 4592 du.;
645 4539 800 4582 econverso
830 4525 903 4579 mibi
925 4523 987 4579 noti
1008 4539 1066 4578 nou
1087 4530 1154 4578 sunt
1173 4523 1311 4578 Petrus

74 4621 231 4675 Boemns
258 4625 286 4675 et
312 4620 445 4676 Petrus
473 4622 637 4694 Apulus,
666 4636 737 4692 quos
764 4623 813 4677 bic
836 4621 931 4692 ponit.
973 4619 1044 4676 Illos
1066 4635 1134 4693 ergo
1155 4621 1202 4675 vel
1224 4617 1310 4691 alios,
