3062 5174
232 244 291 306 292
666 245 861 304 BERNARDI
892 249 1028 307 SUMMA

232 427 348 483 infideli
367 427 498 485 iudicare
519 443 577 483 non
599 427 707 484 debuit.
751 427 921 500 bedaeque
943 431 1112 486 enormitate
1134 431 1234 488 delicti
1262 433 1339 488 haec
1365 434 1464 487 mulier

231 541 248 578 a
268 526 450 581 matrimonio
471 525 589 580 debebit
603 520 642 598 ¹⁴)
663 524 817 596 impediri,
840 541 905 582 oum
925 527 956 580 iu
978 526 1123 598 baptismo
1144 527 1241 584 omnia
1262 528 1327 582 eius
1351 535 1465 599 peecata

229 624 344 693 penitus
372 624 430 677 sint
458 621 567 691 deleta,
597 629 625 678 et
652 621 749 694 quoad
776 629 885 678 reatum
913 631 941 678 et
969 622 1067 694 quoad
1093 639 1231 695 poenam,
1261 625 1350 678 iuxta
1375 623 1463 678 illud:

235 718 353 780 „Gratia
375 719 430 774 Dei
450 735 509 774 non
530 720 651 791 requirit
672 720 929 788 satisfactionem«
960 729 991 776 ut
1019 720 1055 775 dc
1076 736 1152 777 cons.
1175 721 1221 776 Di.
1238 721 1288 775 lV.
1312 721 1384 775 Sine
1400 739 1465 791 poe-

231 818 345 872 nitentia
366 812 405 888 (c.
420 811 483 889 99).

309 913 373 968 Non
394 921 436 968 est
458 920 552 969 autem
573 914 722 983 praedicta
742 915 842 985 regula
856 913 999 969 servanda
1009 916 1040 968 in
1055 915 1110 982 his,
1132 917 1183 986 qui
1199 913 1301 970 fideles
1316 914 1465 969 coniuncti
1518 931 1519 938 ¹

231 1016 306 1078 suut,
328 1019 356 1066 et
375 1018 476 1082 postea
496 1027 570 1066 nnus
590 1007 814 1084 apostatatur⁸⁸)
829 1026 883 1071 neo
898 1013 1039 1066 consentit
1051 1011 1184 1066 habitare
1197 1025 1260 1066 oum
1278 1009 1382 1078 tideli3
1405 1025 1464 1066 cum

231 1109 308 1162 enim
337 1108 551 1162 matrimonium
580 1108 743 1176 initiatum,
772 1118 998 1164 consummatum
1027 1115 1054 1163 et
1079 1115 1173 1163 ratum
1200 1107 1288 1162 tuerit
1307 1108 1392 1162 inter
1412 1123 1465 1174 eos,

230 1213 365 1275 apparet,
392 1204 470 1276 quod
489 1205 572 1260 nulla
593 1220 678 1260 causa
698 1205 910 1260 interveniente
930 1212 1024 1276 potest
1044 1205 1130 1260 aliam
1153 1204 1264 1259 ducere.
1310 1205 1381 1258 Duo
1404 1219 1466 1258 vero

232 1302 360 1371 capitula
380 1301 411 1354 in
432 1301 577 1357 Broeardo
604 1301 802 1370 reperiuntur,
832 1317 952 1373 quorum
974 1319 1062 1358 unum
1085 1302 1135 1356 dat
1154 1303 1303 1358 licentiam
1324 1302 1410 1369 viro,
1439 1309 1466 1354 ut

230 1399 354 1467 accipiat
374 1398 462 1452 aliam
482 1413 611 1466 uxorem,
633 1413 684 1453 sua
704 1400 821 1454 nolente
841 1415 904 1454 eum
927 1400 1008 1470 sequi
1020 1400 1050 1453 iu
1065 1399 1253 1471 longinquam
1268 1397 1465 1469 provinciam,

228 1503 260 1548 ut
281 1495 311 1548 B.
329 1495 378 1549 IX.
397 1495 430 1549 Si
450 1497 509 1566 quie
529 1497 686 1550 necessitate
702 1490 756 1569 ¹⁸),
779 1495 861 1550 aliud
882 1495 969 1564 dicit,
991 1498 1084 1551 virum
1105 1512 1189 1566 posse
1211 1496 1346 1565 accipere
1369 1495 1464 1560 aliam,

229 1592 279 1647 ubi
309 1609 360 1647 sua
386 1593 526 1648 insidiata
554 1601 596 1648 est
622 1593 708 1648 morti
736 1594 813 1662 eius,
842 1601 874 1648 ut
894 1594 927 1647 B.
942 1593 993 1648 VI.
1015 1594 1048 1648 Si
1067 1611 1122 1665 quc
1141 1587 1307 1664 mulier¹')3
1337 1590 1395 1645 aed
1423 1592 1466 1644 bis

230 1689 352 1744 decretis
375 1689 527 1762 derogatur
547 1705 599 1760 per
620 1691 816 1763 evangelium,
840 1691 918 1762 quod
938 1707 991 1762 pro
1013 1693 1075 1746 sola
1096 1689 1285 1746 fornicatione
1307 1689 1466 1759 separatio-

229 1803 294 1841 nem
315 1787 470 1856 permittit,
492 1789 534 1842 ita
555 1793 665 1856 tamen,
687 1795 798 1844 utnon
819 1789 905 1844 liceat
926 1788 1015 1844 alicui
1036 1803 1134 1844 eorum
1155 1793 1275 1858 utroque
1296 1786 1369 1839 vivo
1386 1782 1466 1838 alind

229 1884 304 1938 inire
326 1884 501 1955 coniugium.

311 1981 439 2050 Cumque
467 1981 581 2036 noviter
595 1977 634 2055 ¹⁸)
663 1983 693 2036 in
715 1981 838 2037 ecclesia
859 1981 913 2035 Dei
935 1982 1119 2053 quamplures
1139 1979 1351 2035 haeretieorum
1375 1984 1467 2032 sectae

228 2087 372 2149 tamquam
393 2077 497 2132 lolium
512 2074 550 2151 ¹⁰)
571 2079 647 2135 inter
668 2080 810 2134 frumenta
831 2086 994 2147 nascantur,
1021 2077 1177 2149 quaeritur,
1198 2091 1236 2131 au
1256 2076 1345 2130 liceat
1369 2073 1466 2128 catho-

203 2175 294 2250 vlicis
322 2191 386 2229 oum
417 2174 527 2230 talibus
558 2175 772 2231 matrimonium
804 2175 987 2244 contrahere,
1018 2182 1089 2246 puta
1116 2189 1180 2230 oum
1207 2171 1391 2228 Arnaldiatis
1420 2170 1465 2224 vel

228 2272 394 2342 Passaginis
415 2272 464 2326 vel
484 2270 689 2328 Philibertiuia
712 2280 740 2326 et
759 2271 943 2340 huiusmodi;
970 2271 1023 2326 ubi
1044 2272 1116 2326 mihi
1138 2271 1242 2326 reterre
1263 2267 1400 2333 videtur,
1429 2281 1464 2319 an

230 2384 328 2422 eorum
348 2368 474 2424 haeresis
495 2367 590 2424 adhuc
611 2367 648 2423 ab
670 2369 793 2424 ecclesia
813 2371 965 2436 toleretur,
994 2383 1031 2423 an
1051 2369 1109 2423 iam
1131 2367 1168 2422 ait
1189 2363 1465 2422 excommunicatio·

228 2465 274 2519 nis
303 2465 377 2520 talee
397 2466 535 2536 praecisa.
584 2465 729 2533 Quamdiu
757 2467 833 2520 enim
862 2465 1016 2534 toleratur,
1049 2474 1257 2521 sacramentum
1284 2460 1466 2516 matrimonii

229 2576 292 2616 cum
315 2561 434 2632 reliquis
455 2562 514 2618 sibi
535 2561 719 2631 conceditur3
748 2571 902 2634 postquam
927 2579 995 2619 vero
1017 2579 1114 2619 eorum
1136 2561 1259 2617 haeresia
1281 2559 1318 2614 ab
1340 2557 1464 2614 ecclesia

227 2659 360 2728 praecisa
387 2667 444 2731 cst,
472 2661 531 2714 iam
558 2675 617 2715 non
645 2660 716 2714 licet
737 2660 880 2716 catholico
901 2675 965 2716 cum
987 2661 1028 2716 eis
1050 2660 1261 2716 matrimonium
1284 2655 1464 2720 contrahere,

228 2760 257 2808 et
284 2755 309 2808 si
336 2763 435 2825 postea
463 2763 639 2812 contractum
668 2757 770 2824 tuerit,
800 2757 996 2828 separabitur,
1025 2764 1057 2813 ut
1083 2759 1113 2813 C.
1127 2751 1262 2813 XXVIII.
1284 2748 1367 2824 qu.1
1394 2752 1464 2806 Coae
1518 2815 1519 2818 Ἴ

227 2848 267 2921 (o.
277 2847 339 2923 15).
371 2849 535 2907 Notandum
549 2869 627 2922 vero,
650 2853 729 2925 quod
744 2868 845 2910 nomen
860 2855 997 2910 haeretiei
1013 2859 1136 2926 quatuor
1149 2851 1242 2907 modis
1257 2850 1405 2920 accipitur
1416 2844 1463 2920 ¹⁸).

227 2946 342 3002 Dicitur
369 2951 445 3004 enim
472 2951 650 3020 haereticus,
680 2953 731 3023 qui
759 2954 861 3007 falsam
889 2952 925 3008 de
953 2952 1010 3008 tide
1039 2952 1205 3023 opinionem
1233 2949 1325 3022 gignit
1350 2949 1401 3002 val
1423 2963 1463 3001 ae·

227 3047 341 3116 quitur,
363 3053 396 3101 ut
416 3045 567 3102 CXXIV.
590 3063 638 3119 qu.
660 3049 712 3104 ult.
734 3049 896 3105 Haerettccs
917 3059 957 3105 eat
977 3047 1016 3123 (o.
1032 3043 1100 3123 28);
1126 3047 1234 3103 dicitur
1254 3047 1340 3100 etiam
1362 3045 1462 3099 haere·

227 3141 302 3197 ticus
329 3157 480 3212 perversus
508 3159 653 3202 sacrarum
681 3148 889 3217 scripturarum
915 3148 1078 3218 expositor,
1106 3155 1137 3202 ut
1161 3146 1191 3201 G.
1207 3141 1313 3199 XXIV.
1338 3157 1388 3214 qu.
1411 3142 1460 3196 ult.

226 3239 358 3294 Haereais
370 3257 468 3312 praece
487 3239 527 3315 (c.
539 3236 610 3316 27);
633 3242 741 3298 dicitur
755 3244 842 3300 etiam
856 3244 1016 3300 haereticus
1032 3258 1049 3296 a
1062 3242 1247 3298 sacramentis
1261 3239 1404 3294 ecelesiae
1420 3236 1461 3291 di-

226 3336 315 3403 visus,
337 3346 370 3392 ut
383 3339 656 3408 excommunicatus,
677 3347 709 3395 ut
724 3341 754 3396 G.
767 3339 816 3395 IV.
834 3336 1102 3412 qu.1Qcodcutem
1122 3335 1163 3410 (c.
1178 3333 1228 3411 2);
1251 3336 1360 3392 dieitur
1374 3336 1461 3390 etiam
1518 3359 1519 3392 1

226 3432 386 3489 haereticus
408 3450 559 3505 perversor
582 3443 823 3494 sacramentorum
843 3437 863 3492 i.
880 3452 904 3492 e.
926 3437 1109 3506 simoniacus,
1130 3442 1163 3490 ut
1183 3435 1214 3490 O.
1230 3434 1252 3489 Ι.
1275 3447 1323 3504 qu.
1340 3428 1358 3490 1
1378 3433 1460 3494 Quis:

228 3521 302 3600 [quia
323 3527 392 3606 per]
414 3534 561 3603 pecaniam
587 3530 627 3605 (c.
643 3529 686 3608 5).
728 3534 782 3590 Hic
809 3535 950 3590 haeretiei
977 3535 1094 3590 nomine
1121 3533 1199 3588 solus
1225 3531 1279 3586 ille
1306 3529 1460 3600 accipitur,
1518 3603 1519 3610 ἵ

225 3625 274 3694 qui
296 3627 398 3683 taleam
420 3627 456 3684 de
476 3630 534 3686 tide
554 3632 722 3702 opinionem
743 3631 836 3704 gignit
856 3632 904 3687 vel
926 3633 1071 3703 aequitum
1098 3631 1131 3684 in
1150 3629 1207 3685 hoe
1227 3629 1304 3683 enim
1325 3627 1389 3682 solo
1411 3642 1461 3698 po·
1518 3611 1519 3614 ¹

225 3727 280 3775 test
301 3722 426 3793 disparis
447 3728 542 3783 cultus
564 3729 804 3799 impedimentum
825 3729 928 3784 notari.

304 3815 331 3876 5.
364 3821 411 3874 De
433 3837 551 3879 errore
571 3841 751 3896 personae.
786 3825 873 3882 Error
886 3839 1025 3896 peronae
1040 3831 1068 3880 et
1088 3819 1316 3879 contrahendum
1336 3817 1462 3890 impedit
1518 3887 1519 3902 χ

225 3922 254 3970 et
267 3925 445 3972 contractum
460 3918 579 3975 dirimit.
613 3922 687 3990 Quia
707 3924 793 3990 enim,
815 3931 847 3978 ut
867 3921 1076 3993 praediximus,
1097 3919 1314 3975 matrimonium
1335 3933 1373 3972 ex
1394 3931 1461 3972 con·
1518 3907 1519 3930 ¹

224 4029 308 4070 sensu
324 4015 511 4086 contrahitur,
533 4033 688 4075 consensus
704 4026 800 4075 autem
814 4019 994 4088 excluditur,
1015 4017 1068 4074 nbi
1082 4017 1160 4073 circa
1172 4030 1325 4088 personam
1340 4021 1460 4080 erratur,

228 4177 503 4191 ..ι-...Ἤ

225 4251 259 4352 Ξ)
279 4251 346 4376 100ιέΞ
360 4256 447 4376 dicirit.
477 4255 608 4378 ¹²⁵)VOod.
623 4269 736 4344 morata
753 4259 777 4314 ἆ.
830 4257 864 4324 ²⁶)
879 4259 1027 4343 Burehardi
1039 4257 1139 4339 Worm.
1153 4255 1299 4376 decr.hi1ib.
1314 4254 1364 4308 IX.
1383 4254 1463 4375 obii

225 4327 260 4490 ,t
273 4342 327 4446 n
340 4324 1462 4468 ,teretialitteratatritiattuset&tractatura

248 4461 345 4524 JCod.
365 4465 434 4519 itlso
452 4466 549 4550 noverit.
586 4466 623 4550 ²⁹)¹
640 4467 715 4551 Idem
733 4469 832 4534 eodum,
859 4467 932 4521 haud
950 4470 1040 4521 minus
1059 4469 1164 4518 vitiose.
1195 4463 1313 4548 'wilia
1331 4481 1387 4516 non
1409 4469 1461 4545 tem

225 4527 391 4585 Bernardum
411 4552 552 4602 scripsisse
565 4552 733 4603 coniecerim,
752 4556 831 4606 quarn
847 4537 992 4604 legendum
1008 4543 1243 4602 esseputaver1m;
1265 4550 1292 4586 ιιι
1307 4533 1376 4586 Ood.
1390 4549 1462 4586 enum

224 4596 292 4652 hacc
310 4611 468 4657 occurrunt:
495 4605 628 4670 quodcum
645 4606 725 4658 lacerti
741 4607 857 4672 quomodo
875 4604 1127 4672 aclIIIIapdtetar.
1169 4603 1227 4668 ,³¹)
1252 4601 1286 4656 In
1312 4602 1381 4656 cod.
1408 4601 1463 4653 utet.
1518 4633 1519 4640 ι
