3098 5184
243 197 327 255 XLII
721 198 999 257 PRAEFATIO

328 374 363 452 b)
384 373 792 440 Benedictoburanum
812 375 997 458 paucioribus
1018 375 1117 440 licebit
1137 374 1303 454 absoluere,
1324 375 1386 458 qui,
1408 394 1470 440 cnm

245 490 331 548 antee
346 483 435 548 luerit
455 486 633 564 monasterii,
657 485 735 567 quod
756 486 786 548 in
808 487 925 550 civitate
946 486 1063 551 Suevici
1085 485 1188 550 circuli
1202 485 1278 548 dicta
1291 485 1472 556 blaubeuren

245 593 314 657 olim
329 593 503 676 possederat
517 595 598 660 Ordo
613 596 643 661 S.
660 596 821 674 Benedicti,
840 595 908 658 inde
924 603 954 658 et
967 613 1077 658 nomen
1093 602 1122 658 et
1136 595 1296 677 specialem
1311 615 1472 677 numerum,

245 703 308 768 scil.
331 703 383 783 92,
404 705 481 768 inter
502 704 594 768 libros
615 705 692 768 illius
714 705 911 769 bibliothecae
933 706 1071 784 servavit,
1095 722 1219 786 quorum
1239 723 1318 768 nunc
1334 705 1474 774 anblt2

245 820 291 877 est
310 813 388 878 inter
408 813 515 878 latinos
544 815 672 880 codices.
716 815 771 879 llic
792 817 870 878 enim
899 832 971 896 quas
997 815 1091 895 primo
1119 814 1186 878 loco
1214 815 1334 878 exhibet
1360 817 1474 880 institu-

244 925 341 990 tiones
362 923 511 990 Iustiniani
532 924 730 1006 pulcherrime
752 927 893 1006 scriptas,
924 940 1026 988 earum
1049 925 1106 988 iam
1128 924 1178 988 diu
1198 924 1342 988 babemus
1364 924 1474 990 descri-

243 1035 372 1116 ptionem
388 1032 446 1117 ⁸⁶);
475 1053 573 1118 neque
602 1041 717 1117 tempus
746 1043 845 1100 terere
873 1034 945 1098 libet
972 1035 1003 1096 in
1031 1034 1068 1097 iis
1096 1033 1252 1116 specialius
1275 1035 1473 1116 designandis,

244 1162 320 1226 quae
342 1143 484 1208 Bernnrdi
511 1125 654 1210 summani
684 1144 752 1207 inde
777 1164 794 1208 a
816 1143 865 1208 lol.
883 1145 943 1210 118
971 1161 1067 1225 usque
1094 1143 1131 1208 ad
1159 1142 1287 1212 101207
1315 1153 1475 1226 sequuntur

243 1251 330 1318 binae
357 1261 563 1335 excerptorum
593 1273 631 1318 ex
659 1254 859 1337 apostolorum
889 1261 918 1316 et
943 1252 1123 1335 synodorum
1146 1253 1307 1318 canonibus
1328 1262 1416 1335 atque
1437 1274 1476 1318 ex

244 1363 374 1444 patribus
397 1363 598 1443 collectiones,
620 1365 650 1428 in
673 1363 735 1432 250
756 1372 786 1426 et
800 1363 863 1432 300
884 1364 1007 1446 capitula
1032 1362 1192 1426 distinctae.
1229 1363 1327 1428 lledio
1348 1365 1377 1428 in
1398 1363 1475 1428 libro

243 1474 263 1535 i.
286 1493 312 1537 e.
335 1473 385 1538 lol.
401 1474 560 1541 76-117
589 1477 718 1540 occurrit
745 1475 888 1538 bernardi
916 1493 1046 1552 summa,
1086 1473 1162 1537 binis
1186 1472 1312 1540 48-50
1332 1473 1475 1538 linearum

245 1583 389 1648 columnis
411 1585 528 1666 scripta.
565 1584 597 1648 ln
619 1585 803 1666 singulorum
825 1584 962 1647 loliorum
984 1602 1099 1647 summa
1113 1583 1248 1664 margine
1262 1582 1402 1646 librorum
1424 1603 1479 1647 nu-

243 1711 342 1758 meros
364 1711 418 1776 pro
440 1694 556 1758 illorum
578 1701 742 1776 temporum
766 1713 850 1758 more
873 1693 1005 1758 videmus
1028 1693 1210 1774 designatos,
1233 1691 1381 1756 titulorum
1401 1711 1474 1758 vero

241 1804 374 1868 rubricas
401 1823 562 1886 earumque
584 1805 703 1868 initialia
731 1812 761 1868 ct
790 1806 875 1886 signa
898 1802 1150 1884 paragrapborum
1177 1800 1267 1866 rubro
1296 1801 1398 1866 colore
1427 1811 1477 1866 aut

242 1933 280 1980 eo
301 1915 465 1980 alternatim
487 1915 642 1996 inscripta,
666 1933 754 1996 quem
776 1913 913 1994 glaucum
936 1913 1041 1993 potius,
1064 1930 1152 1993 quam
1175 1911 1298 1974 viridem
1320 1912 1474 1976 maluerim

240 2041 411 2105 nuncupare
434 2025 652 2105 caeruleumve,
675 2040 735 2104 quo
756 2024 786 2086 in
808 2022 906 2086 tabula
928 2021 1028 2086 libello
1050 2028 1152 2085 nostro
1174 2019 1289 2084 adiecta
1304 2023 1344 2084 uti
1359 2020 1475 2102 placuit.

241 2134 356 2198 Adsunt
378 2133 566 2217 marginalia,
594 2151 655 2197 non
683 2133 781 2196 omnia
804 2131 938 2196 ciusdem
959 2149 1077 2211 manus,
1108 2131 1162 2196 sed
1186 2129 1284 2194 omnia
1305 2131 1390 2212 parvi
1411 2148 1475 2194 mo-

240 2245 339 2323 menti,
362 2262 429 2308 eum
450 2250 498 2308 aut
519 2251 615 2308 textus
637 2242 835 2308 tantummodo
857 2239 980 2304 alienant
995 2247 1191 2316 correcturas,
1214 2245 1264 2302 aut
1278 2239 1378 2320 paucis
1395 2239 1473 2304 rele-

239 2359 312 2434 rant,
335 2353 404 2436 quid
424 2353 492 2418 insit
514 2354 587 2419 locis
610 2372 627 2418 a
649 2352 799 2416 Bernardo
822 2351 954 2416 laudatis.
998 2351 1139 2432 Idemque
1159 2349 1345 2416 sentiendum
1368 2355 1414 2413 est
1436 2349 1474 2414 de

327 2665 377 2714 etc.
396 2657 457 2723 (111.
470 2658 515 2728 9),
534 2667 564 2714 ut
582 2658 679 2712 eccles.
697 2657 829 2711 beneficia
847 2661 896 2710 etc.
919 2653 982 2718 (Ill.
998 2653 1051 2721 10),
1071 2653 1104 2706 de
1122 2651 1210 2706 leudis
1230 2649 1293 2716 (ΙΠ.
1308 2649 1362 2720 16),
1380 2652 1414 2706 de
1433 2669 1476 2707 ce-

327 2747 420 2801 lebrat.
439 2749 545 2800 missar.
565 2745 629 2810 (ΙΙΙ.
643 2744 705 2812 33),
730 2743 763 2796 de
782 2745 917 2810 baptismo
936 2749 962 2794 et
983 2743 1042 2794 eins
1067 2739 1163 2793 ellectu
1188 2737 1251 2802 (ΙΙΙ.
1264 2737 1327 2805 st),
1351 2739 1384 2792 de
1411 2742 1474 2792 novi

325 2849 397 2898 oper.
418 2849 499 2886 nunc.
514 2832 559 2896 (V.
576 2832 634 2900 15),
659 2833 692 2884 de
719 2831 930 2897 sequestratione
948 2827 1132 2896 possessionis
1153 2823 1200 2886 (ΙΙ.
1214 2823 1250 2889 0).
1286 2823 1346 2878 Hoc
1365 2825 1476 2878 demum

325 2921 353 2972 in
372 2920 448 2974 titulo
467 2920 576 2983 explicit
594 2935 700 2974 summa
717 2917 760 2970 his
778 2917 884 2969 verbis:
983 2913 1074 2976 finitor
1091 2921 1169 2962 comm
1185 2912 1343 2976 sequestratio
1361 2912 1478 2964 aneae

324 3007 457 3058 conditione
468 3005 624 3072 depositionis
635 3013 659 3055 et
669 3003 817 3056 restituendo
829 3011 864 3052 est
873 3018 919 3066 res,
938 3010 965 3051 at
975 2997 1037 3066 Diq.
1050 2999 1079 3050 de
1091 2998 1147 3048 dolo
1159 2997 1191 3048 L.
1203 2996 1236 3048 Si
1247 2998 1301 3062 para
1313 2999 1478 3064 affirmaverit

323 3097 340 3160 §
358 3092 390 3145 Si
405 3093 481 3146 chum
499 3090 586 3160 (1.9.
604 3090 681 3160 §3),·
704 3091 758 3142 item
775 3091 799 3142 si
815 3097 935 3154 sequester
952 3087 1016 3138 iusto
1034 3103 1064 3136 ec
1080 3103 1156 3138 causo
1173 3084 1341 3136 interveniente
1358 3084 1418 3134 velit
1434 3086 1477 3136 de-

318 3197 410 3246 ponere
433 3180 553 3246 ospicium,
574 3188 662 3245 potest¹
677 3179 721 3228 lroc
737 3179 825 3244 secare
845 3176 996 3242 permittente
1015 3174 1105 3237 iudice,
1129 3182 1153 3223 et
1169 3171 1215 3222 erit
1231 3187 1271 3220 rea
1288 3171 1431 3236 deponenda
1450 3173 1476 3223 in

324 3267 384 3318 aede
407 3283 492 3332 como,
517 3276 543 3318 ot
561 3265 623 3333 Dap.
648 3265 753 3332 depositi
775 3263 807 3316 L.
824 3263 864 3314 Ei.
888 3262 965 3327 §ott
984 3259 1070 3326 (13.5.
1089 3255 1159 3324 §2).
1178 3286 1212 3296 -
1248 3257 1291 3312 Ex
1315 3261 1476 3312 accuratiori

323 3357 465 3423 utriusque
484 3371 605 3408 summae
633 3354 791 3419 collatione,
817 3353 894 3404 cuius
918 3345 1098 3402 instituendae
1125 3360 1214 3410 neque
1237 3351 1301 3397 tunc
1319 3345 1387 3398 mibi
1406 3348 1478 3400 inter

324 3443 451 3494 lestorum
478 3441 709 3494 semisenularium
735 3439 878 3492 sollemnia
895 3443 950 3488 erat
974 3437 1073 3499 otium,
1091 3431 1140 3484 sed
1155 3438 1181 3484 et
1199 3446 1271 3484 nnnc
1289 3431 1380 3500 deest,
1401 3448 1478 3500 aper-

323 3528 377 3582 tius
396 3535 466 3582 certe
485 3527 659 3594 redundabit,
678 3543 746 3594 quae
764 3528 834 3578 inter
851 3525 925 3590 ipsas
944 3518 1089 3574 intercedat
1107 3519 1187 3583 ratio,
1209 3532 1297 3584 neque
1316 3533 1428 3586 vereor,
1447 3526 1478 3571 ut

324 3629 377 3666 non
397 3615 600 3681 comprobetur,
624 3614 698 3680 quod
715 3615 743 3666 in
762 3616 887 3666 contextu
905 3608 938 3662 de
955 3606 1075 3660 Damaso
1093 3605 1143 3658 tuli
1161 3603 1307 3669 iudicium,
1325 3604 1389 3657 licet
1408 3609 1477 3658 satis

323 3702 458 3756 acerbum.
495 3699 620 3754 Ceterum
640 3700 804 3754 Damasinae
829 3697 967 3764 specimen
992 3695 1008 3746 i.
1027 3709 1052 3745 e.
1075 3689 1314 3759 praefatiunculam
1336 3697 1363 3742 et
1381 3690 1417 3744 ad
1435 3693 1477 3744 tit.

323 3787 357 3840 de
376 3803 431 3855 reg.
449 3789 498 3840 iur.
520 3803 651 3840 summam
670 3790 698 3840 in
716 3786 787 3852 App.
806 3784 858 3838 sub
876 3781 909 3834 V.
928 3781 1029 3848 placuit
1046 3779 1148 3844 publici
1172 3779 1259 3828 iacere
1282 3777 1367 3844 iuris,
1392 3784 1478 3846 atque

326 3874 390 3928 illuc
408 3876 572 3928 remissurus
591 3875 714 3938 lectores,
732 3873 784 3926 boc
802 3871 862 3924 loco
880 3869 909 3920 id
928 3883 1012 3926 unum
1026 3866 1105 3931 addo,
1122 3867 1150 3916 in
1164 3861 1230 3914 (lod.
1243 3862 1333 3916 Berol.
1353 3880 1480 3918 summae

324 3961 525 4028 inscriptionem
550 3978 611 4014 esse
635 3961 718 4014 banc:
754 3955 846 4022 Incipit
867 3971 959 4006 summo
976 3952 1096 4004 amoma
1114 3969 1130 4000 a
1150 3954 1234 4016 anapia
1250 3947 1363 3998 Darnaso
1386 3952 1480 4016 compi-

324 4046 388 4110 lata,
412 4055 491 4114 atque
510 4055 572 4114 post
589 4047 627 4099 tit
646 4047 679 4099 de
699 4051 830 4112 sequestr.
849 4043 922 4095 hunc
944 4041 1000 4107 legi
1014 4040 1194 4094 versiculum:
1218 4035 1344 4088 Damasus
1362 4036 1402 4087 tie
1413 4038 1480 4100 finit

323 4151 437 4186 summm
455 4152 479 4199 p.
497 4134 601 4184 minc
618 4133 682 4184 civit.

271 4217 306 4286 ιΙ)
326 4217 366 4274 Ol.
383 4217 548 4274 Prodromus
567 4221 686 4285 eorporis
705 4218 772 4272 iuris
790 4217 879 4270 civilis
896 4231 913 4268 a
931 4213 1089 4280 Schradero,
1107 4210 1226 4277 Clossio,
1243 4207 1347 4262 Telelio
1366 4209 1481 4280 edendi,

326 4307 417 4362 Berol.
438 4306 518 4374 1823,
542 4323 569 4373 p.
583 4304 618 4362 62
635 4307 686 4360 sub
705 4302 772 4356 Nro.
788 4301 886 4356 cxvi
909 4309 936 4356 et
959 4308 1013 4354 not
1032 4299 1073 4354 en
1116 4295 1193 4361 Quae
1219 4297 1258 4348 ibi
1282 4295 1316 4347 de
1340 4293 1479 4349 Bernerdi

321 4394 464 4448 Faventini
482 4393 602 4459 episcopi
622 4405 728 4444 summa
747 4405 828 4456 snper
847 4387 1026 4442 decretalibus
1046 4386 1094 4438 illo
1112 4385 1142 4437 in
1159 4383 1229 4436 libro
1242 4379 1327 4432 MSC.
1347 4388 1482 4435 contenta

321 4481 407 4534 luerat
431 4479 492 4530 data
508 4479 616 4542 notitia,
640 4478 763 4530 canonici
781 4478 847 4530 iuris
867 4475 989 4528 doctores
1008 4473 1105 4541 pariter
1122 4471 1226 4538 legisse
1243 4467 1364 4535 videtur,
1391 4475 1479 4536 etque

321 4565 462 4620 Parietina
479 4561 513 4619 de
531 4561 661 4620 Patauino
679 4563 781 4618 codice.
