3098 5184
542 247 778 309 EDITORIS.
1178 250 1277 312 XLIX

69 430 158 493 iuniori
175 449 193 494 a
212 431 322 494 Ioanne
342 429 483 494 Andreae
511 435 629 512 etpost
649 447 718 492 eum
739 447 757 492 a
782 425 1000 516 Diplovataccio
1022 447 1092 494 esse
1112 429 1278 494 attributam
1317 408 1320 415 ¹

67 539 114 603 iam
132 557 215 622 supra
235 540 344 621 monui,
825 528 833 544 '
1079 547 1080 552 ’
1345 623 1347 634 Ι

138 651 170 727 2)
190 658 308 732 praeter
322 667 441 713 omnem
458 649 695 731 expectationem
710 647 788 712 aliud
802 649 921 712 demum
936 649 1026 731 idque
1040 650 1160 714 maioris
1176 657 1207 712 et
1226 667 1278 713 vo·

67 758 167 824 luminis
195 768 225 824 et
252 761 393 823 momenti
413 761 541 823 accessit
560 758 702 823 Bernardi
723 758 873 840 Papiansis
896 777 978 840 opus,
1005 759 1084 840 qnod
1105 777 1195 842 super
1215 759 1279 842 ipsa

65 870 251 952 compilatione
287 871 483 952 conscriptum
515 887 660 932 summam
697 868 889 932 decretalium
926 887 987 931 non
1024 877 1084 932 tam
1115 869 1279 951 praecessit

64 988 190 1062 tempore,
214 999 302 1063 quam
324 981 479 1061 successit,
501 997 604 1062 parem
625 997 698 1043 vero
715 980 747 1042 in
761 978 940 1042 oblivionem
955 979 1074 1042 venisse
1088 978 1202 1042 videtur
1217 979 1279 1042 vix-

65 1089 123 1152 dum
142 1092 342 1174 compositum.

132 1199 263 1283 Namque
280 1201 351 1264 mibi
376 1219 431 1282 per
453 1217 543 1264 unum
564 1200 695 1264 autumni
715 1199 842 1280 proximi
856 1198 933 1262 diem
947 1197 1132 1263 Franccfurti
1146 1215 1277 1262 commo·

61 1311 125 1373 ranti
143 1317 230 1393 atque
250 1310 460 1374 bibliothecae*
472 1311 542 1373 olim
563 1309 593 1375 S.
615 1309 832 1372 Bartholomaei
846 1307 1000 1389 catalogos
1019 1307 1218 1391 perlustranti,
1241 1327 1279 1372 an

61 1418 125 1482 lorte
143 1421 217 1483 inter
238 1422 304 1484 eius
325 1420 417 1484 libros
435 1419 636 1483 Bernardinae
657 1437 749 1501 super
770 1419 968 1484 decretalibus
988 1435 1122 1482 summae
1144 1419 1279 1482 codicem

60 1545 165 1610 possem
184 1531 336 1612 reperire,
365 1528 420 1593 sub
445 1531 509 1611 ipsu
531 1527 595 1593 lore
618 1527 802 1610 proiectione
824 1531 855 1592 in
877 1547 981 1593 manus
1001 1530 1083 1592 venit
1103 1531 1279 1612 scriptorum

59 1656 186 1704 recensus
205 1641 237 1703 in
262 1639 390 1720 votae,
413 1640 559 1702 maximae
581 1639 695 1702 formae
717 1639 821 1703 codice
836 1639 1037 1719 miscellaneo,
1061 1645 1277 1702 contentorum.

58 1746 126 1820 bure
144 1749 184 1812 ibi
204 1748 256 1812 fol.
269 1749 331 1816 233
352 1749 454 1812 ultimo
475 1749 543 1812 loco
561 1748 737 1812 occurrebat
751 1749 917 1830 inscriptio:
946 1748 1060 1824 „bosus
1082 1747 1279 1816 decretalium

61 1857 238 1926 alternando
265 1860 339 1943 Pop·
368 1859 452 1942 ΕΜ
485 1865 571 1940 prout
594 1859 764 1940 particulam
794 1881 815 1924 c
847 1858 885 1923 ad
912 1879 999 1922 casua
1031 1865 1081 1922 ant
1111 1857 1149 1922 ad
1178 1862 1279 1922 decre-

59 1971 154 2030 talium
174 1969 300 2032 verbum
321 1968 474 2049 retuleris,
504 1969 591 2032 dubia
613 1987 735 2033 movere
757 1969 871 2048 debuit,
895 1976 990 2032 utrum
1013 1969 1106 2050 ipsius
1125 1967 1279 2048 Bernardi,

59 2093 89 2139 an
115 2078 233 2142 alterius
266 2079 418 2142 cuiusdam
448 2097 538 2162 super
569 2078 777 2160 compilatione
807 2079 901 2160 prima
933 2095 1007 2160 opus
1035 2077 1178 2142 hactenus
1209 2077 1281 2142 deli-

59 2188 131 2250 tuerit
150 2187 201 2250 illo
222 2189 254 2250 in
276 2189 391 2270 codice,
412 2205 511 2271 neque
532 2207 582 2252 me
603 2190 760 2252 certiorem
781 2187 862 2270 fecit,
885 2189 965 2270 quod
980 2206 1050 2252 mox
1070 2189 1142 2252 mibi
1155 2208 1173 2252 a
1188 2189 1280 2252 caris-

58 2294 121 2358 simo
146 2297 168 2363 l·
191 2297 366 2379 dlassenlo,
395 2298 466 2362 olim
495 2298 588 2362 nostri
618 2299 763 2382 gymnasii
783 2297 976 2380 professore,
1005 2317 1084 2362 nunc
1104 2297 1235 2362 Francos
1267 2333 1280 2345 -
1363 2329 1364 2340 κ

59 2407 108 2469 tani
126 2406 290 2488 directore,
314 2409 519 2473 transmissum
549 2415 596 2472 est
624 2408 814 2490 praelationis
842 2416 873 2472 et
899 2409 985 2490 primi
1006 2409 1079 2473 tituli
1100 2408 1279 2491 exemplum.

57 2511 118 2578 Nam
136 2517 185 2582 illa
205 2517 294 2598 licet,
315 2525 448 2582 nostrum
467 2517 650 2582 Bernardum
673 2520 738 2583 eius
759 2518 826 2582 libri
846 2535 916 2583 esse
937 2527 1101 2600 auctorem,
1125 2518 1205 2583 baud
1225 2520 1280 2582 im·

58 2625 205 2704 probabilia
234 2627 342 2691 indicia
370 2627 480 2692 offerre
502 2627 668 2710 videretur,
693 2629 759 2711 ipsa
778 2636 878 2692 tamen
898 2628 994 2692 littera
1015 2630 1121 2694 mirum
1143 2636 1282 2712 mantum

57 2732 87 2797 iis
105 2736 295 2802 decretalium
314 2738 433 2802 casibus
454 2740 548 2804 evasit
569 2737 770 2820 concordans,
800 2755 874 2820 quos
894 2739 951 2802 iam
973 2739 1057 2819 prius
1074 2741 1105 2804 in
1126 2738 1198 2802 Cod.
1218 2737 1281 2801 llo·

57 2849 290 2914 naco·Patavino
317 2848 376 2913 alio
403 2849 459 2914 sub
487 2848 669 2932 praefamine
696 2850 870 2912 inveneram
897 2856 984 2930 atque
1014 2847 1136 2916 arcun
1159 2849 1281 2911 nomine

58 2956 209 3040 insignitos.
255 2959 329 3022 Hinc
355 2959 432 3040 apud
453 2977 503 3022 me
524 2961 679 3039 constitui,
710 2965 741 3021 ut
761 2957 838 3022 inter
858 2957 945 3022 huius
965 2955 1085 3023 aestatis
1107 2957 1172 3022 dies
1192 2957 1280 3021 leria-

57 3072 95 3129 tos
113 3069 174 3151 ipse
195 3069 378 3134 accederem
399 3069 435 3133 ad
458 3071 673 3160 accuratiorem
692 3069 846 3150 utriusque
867 3067 934 3132 libri
955 3067 1157 3147 collationem,
1184 3067 1280 3149 iisque

59 3176 130 3254 oris,
159 3180 211 3261 qui
236 3178 349 3242 illarum
370 3179 614 3246 bibliothecarum
635 3177 744 3244 habent
765 3197 882 3258 curam,
909 3177 1189 3242 benevolentissime
1211 3183 1280 3239 voto

60 3285 232 3369 cedentibus,
256 3294 289 3351 nt
308 3287 425 3352 illorum
445 3288 582 3368 codicum
602 3287 721 3354 insimul
742 3295 771 3352 et
791 3287 889 3351 denuo
911 3288 1188 3370 perscrutandorum
1210 3287 1282 3352 milri

60 3392 164 3462 daretur
184 3399 398 3480 opportunitas,
420 3417 491 3462 mox
505 3399 574 3478 vidi,
596 3400 749 3480 utriusque
764 3397 856 3460 libelli
870 3397 1070 3462 diversitatem
1085 3397 1175 3461 multo
1189 3399 1281 3462 maio·

60 3520 204 3572 ramesse
226 3509 357 3590 ipsorum
385 3509 594 3590 consonantia,
625 3507 867 3590 certissimasque
889 3515 1069 3573 consecutus
1090 3526 1156 3572 sum
1176 3507 1283 3590 proba·

60 3613 158 3698 tiones,
188 3620 353 3700 genuinum
374 3618 527 3700 Papicnsis
551 3637 626 3701 opus
646 3619 677 3682 in
698 3618 792 3684 altero
814 3635 883 3682 esse
905 3625 1071 3698 servatum,
1101 3617 1282 3702 alteriusque

60 3719 196 3790 lbmrium
217 3727 296 3790 baud
318 3729 422 3792 iniuria
443 3729 500 3811 ipsi
519 3727 728 3811 praeposuisse
749 3727 867 3790 Ricardi
887 3743 1008 3791 nomen.

130 3834 212 3899 Libri
235 3837 314 3900 enim
334 3837 556 3902 Francoiurtani
570 3845 681 3918 auctor,
703 3837 835 3920 singulas
850 3837 1017 3902 decretales
1030 3837 1282 3920 interpretaturus,

58 3941 230 4010 creberrime
252 3945 290 4009 ad
311 3965 348 4010 ea
368 3947 486 4010 remittit
506 3947 645 4025 lectoreS,
666 3966 744 4029 quae
763 3949 828 4030 ipse
842 3949 871 4012 in
885 3966 1019 4012 summae
1033 3966 1106 4012 suae
1120 3947 1179 4012 hoc
1192 3947 1282 4011 illone

58 4050 131 4116 titulo
151 4055 210 4118 iam
233 4057 315 4136 prius
343 4057 495 4140 protulerit
509 4054 567 4134 ⁹4),
596 4074 695 4138 neque
723 4057 800 4121 ullos
827 4057 899 4120 mihi
926 4057 1007 4122 licuit
1027 4057 1163 4121 invenire
1183 4055 1284 4120 huius·

60 4161 130 4224 nodi
156 4163 260 4246 locos,
288 4166 395 4249 quibus
421 4183 481 4230 non
509 4166 596 4250 plene
626 4173 657 4231 et
681 4165 785 4248 plane,
818 4173 850 4230 ut
870 4167 1052 4232 Bernardina
1072 4174 1138 4256 utar
1158 4165 1284 4231 formula

88 4528 120 4597 ⁹⁴)
137 4533 345 4590 Innumerorum
362 4535 498 4604 locorum,
523 4537 624 4604 quibus
643 4537 809 4604 comprobari
830 4537 929 4606 possit,
955 4535 1029 4605 quod
1047 4533 1215 4606 supradixi,
1237 4537 1283 4591 vel

136 4637 239 4687 paucos
258 4622 357 4689 eligere
376 4640 423 4691 pro
443 4623 581 4692 superfluo
599 4623 694 4678 habeo.

103 4713 211 4763 &nudi
224 4731 317 4764 1111111.
435 4731 440 4743 ·
963 4717 1067 4760 *ss*
