3062 5174
462 205 580 264 GASUS
612 203 900 262 DECRETALIUM.
930 219 934 227 ·

523 528 562 596 C.
582 531 613 596 l.
656 535 771 595 Audita
790 542 843 596 etc.

106 701 195 756 Casus
215 702 269 756 iste
290 717 348 756 non
370 700 571 758 difficultatem
591 717 658 759 oon·
748 703 781 757 In
793 703 848 758 hoo
860 702 1137 772 capitulouotatria
1151 703 1298 773 rescripta,

50 797 152 866 tinet,
184 795 235 852 sed
261 797 474 868 prolixitatem,
507 813 594 869 qnam
622 815 657 854 ex
707 801 834 870 primum
855 799 982 854 iustitiae
1011 792 1102 872 (sici)
1122 799 1300 871 petitorium,

49 895 131 964 ipsa
151 894 249 950 littera
269 895 312 950 sio
331 895 420 966 plane
443 903 471 950 et
490 897 576 966 plene
598 897 657 950 col·
708 895 865 952 secundnm
878 895 1073 964 cassatorum,
1086 897 1201 950 tertium
1212 897 1300 967 primi

51 992 155 1062 ligere
186 998 284 1062 potos,
316 998 349 1046 ut
377 1009 394 1047 a
421 990 506 1047 nobis
535 1000 658 1062 nequeat
708 993 963 1047 confirmatorium.
993 991 1027 1045 In
1048 992 1143 1061 primo
1163 993 1299 1063 impetra·

50 1090 181 1160 plenius
202 1089 354 1160 explicari.
385 1089 441 1145 Sed
462 1089 500 1144 ad
520 1091 656 1144 maiorem
707 1089 750 1142 vit
764 1089 888 1144 Thomas
910 1089 1033 1145 clericos
1049 1089 1124 1161 regis
1139 1089 1297 1158 Scotorum,

50 1187 151 1242 huius
173 1201 236 1257 cap.
258 1187 482 1257 intelligentiam
502 1193 579 1254 nota,
601 1187 658 1240 tria
707 1185 831 1257 quodsi
852 1192 1008 1254 constaret,
1031 1184 1229 1242 adversarium
1251 1187 1298 1242 vel

51 1285 147 1354 paria
174 1283 335 1339 litterarum
364 1284 425 1340 sive
446 1291 503 1340 tres
525 1285 656 1339 commis·
708 1283 875 1352 ecclesiam,
913 1298 999 1354 quam
1034 1283 1071 1338 ab
1106 1299 1139 1340 eo
1172 1283 1297 1356 petebat,

53 1382 160 1436 sionea
191 1396 277 1452 snper
307 1382 363 1436 hoc
394 1381 509 1453 negotio
540 1396 558 1435 a
588 1379 656 1436 sede
707 1379 855 1454 abiurasse
882 1380 929 1435 vel
956 1381 1043 1436 etiam
1071 1381 1223 1436 ecclesiam
1248 1382 1299 1436 ha-

55 1477 656 1548 apostolicaemanasse3primaeobtentae
706 1477 790 1544 bere,
830 1476 910 1549 qnod
943 1484 1116 1548 perpetuum
1150 1479 1297 1534 silentium

56 1581 131 1630 sunt
149 1574 352 1646 proflelialdo
374 1575 479 1632 clerieo
501 1575 575 1647 regis
591 1575 656 1630 Sco·
701 1574 903 1644 ¹imponeretur
923 1575 958 1630 ei.
995 1575 1102 1630 contra
1122 1575 1178 1630 hoc
1198 1590 1298 1632 secun-

55 1680 173 1741 tornm‚
203 1679 396 1742 conquerente
421 1671 457 1728 de
477 1671 609 1728 molestia
629 1677 657 1726 et
706 1671 760 1726 dus
781 1671 899 1725 nuntius
913 1670 1056 1742 praedicti
1069 1671 1103 1725 Η.
1119 1672 1295 1742 impetravit,

56 1769 284 1842 inquietatione,
300 1784 386 1840 qnam
401 1769 429 1824 ei
443 1768 568 1824 faciebat
581 1768 656 1824 Hen-
706 1767 785 1844 quqd
806 1768 832 1822 si
853 1774 983 1824 constare
1003 1776 1113 1840 posset,
1136 1768 1215 1840 qnod
1233 1785 1298 1840 spo·

56 1865 655 1934 rionsadvareariuseius3secundaelien-
705 1865 793 1920 liatns
821 1872 911 1932 esset,
943 1880 1009 1920 cnm
1036 1867 1188 1922 ecclesiam
1216 1866 1297 1922 abiu·

56 1964 124 2018 rico
153 1961 319 2018 adversario
350 1962 444 2034 ipsius
472 1962 523 2030 T„
555 1963 655 2017 tertiae
705 1963 796 2030 ravit,
825 1960 904 2032 quod
925 1962 1138 2032 restitueretur,
1164 1970 1193 2017 et
1213 1969 1297 2018 testes

55 2059 193 2130 praefato
216 2058 250 2114 Τ.
272 2075 359 2130 snper
385 2060 516 2130 praelata
542 2057 654 2129 inquio·
705 2066 805 2116 eontra
819 2073 883 2113 eum
902 2057 938 2112 de
958 2065 1116 2130 spontaneo
1137 2061 1297 2116 iuramento

56 2156 187 2225 tatione,
209 2171 283 2229 qnae
303 2157 432 2226 litterae,
460 2156 521 2211 scil.
544 2155 653 2222 tertiae,
704 2171 762 2211 non
782 2154 1009 2226 admitterentur,
1033 2165 1061 2210 et
1083 2158 1109 2211 si
1130 2155 1203 2227 quid
1223 2163 1296 2214 esset

55 2252 110 2309 hic
138 2260 286 2324 ponuntur
316 2261 344 2310 et
371 2252 480 2310 habent
507 2253 654 2308 continen·
703 2253 885 2308 immutatum
913 2261 980 2324 post
1012 2255 1068 2309 iter
1088 2246 1132 2328 (i)
1159 2254 1256 2310 nuntii
1271 2248 1297 2327 ⁵)

55 2352 131 2406 tiam
152 2350 311 2422 primarum
336 2357 364 2406 et
388 2349 598 2418 secundarum,
627 2353 655 2404 et
704 2351 868 2420 inceptum,
901 2349 979 2422 qnod
1008 2358 1099 2406 totum
1126 2351 1295 2407 irritaretur.

53 2448 163 2502 harum
189 2447 253 2502 soil.
281 2448 447 2517 tertiamm3
474 2447 585 2517 primae
605 2445 654 2500 lit·
704 2447 824 2502 Interim
853 2453 964 2516 autem,
994 2463 1058 2503 cum
1087 2446 1235 2502 indicibus
1256 2447 1297 2503 le·

54 2549 138 2600 terae
159 2551 227 2599 sunt
248 2543 408 2600 destinatae
426 2546 561 2615 episcopo
577 2543 654 2598 Lnn-
703 2543 802 2616 gitime
824 2551 967 2599 constaret
987 2543 1023 2599 de
1047 2544 1229 2600 contumacia
1250 2544 1295 2613 Η.,

57 2641 184 2696 donensi
206 2647 234 2696 et
249 2640 454 2698 archidiacono
469 2639 589 2707 Eliensi,
612 2655 653 2696 se·
703 2647 732 2696 et
759 2641 836 2712 quod
863 2640 1042 2713 praedictam
1069 2642 1220 2697 ecclesiam
1247 2641 1297 2696 ab·

55 2737 173 2794 eundae
194 2746 289 2794 autem
309 2739 447 2809 episcopo
462 2737 654 2810 Wigorriensi
703 2739 865 2807 iuraverat,
888 2745 917 2794 et
937 2738 1016 2810 quod
1036 2739 1124 2794 aliam
1145 2737 1296 2794 ecclesiam

56 2843 88 2900 et
114 2835 267 2905 praedicto
298 2833 504 2892 archidiacono
531 2834 653 2905 liliensi,
703 2835 832 2904 haberet,
854 2833 1066 2906 eiperpetuum
1081 2836 1229 2891 silentium
1242 2835 1296 2890 im-

56 2939 92 2987 ut
106 2947 194 3002 supra
208 2933 272 2988 eod.
286 2932 407 2987 Sollicite
428 2927 531 3005 (c.1),
553 2931 654 2987 tertiae
703 2939 870 3003 posuerunt.
913 2933 986 2990 Cum
1006 2947 1074 2989 vero
1095 2932 1239 3004 praedicti
1259 2932 1294 2986 ll.

57 3028 99 3084 ad
108 3029 231 3097 eosdem,
244 3030 307 3085 soil.
317 3029 453 3102 episcopo
462 3028 654 3101 Wigorriensi
703 3030 822 3084 nuntios
841 3037 943 3100 postea
959 3045 1023 3084 cum
1036 3030 1203 3100 praemissis
1217 3029 1294 3082 litte·

56 3133 87 3181 et
101 3125 435 3194 archidiaconollliensi‚
450 3133 478 3182 et
491 3125 522 3179 in
537 3125 584 3181 his
599 3131 653 3179 tor·
704 3127 743 3180 ris
763 3126 912 3194 rediisset,
935 3125 1106 3194 dubitastis,
1132 3141 1150 3180 o
1171 3125 1293 3193 indices,

57 3223 110 3277 tiis
132 3223 311 3279 continentia
329 3223 488 3294 primarum
510 3229 539 3278 at
553 3237 653 3277 secun·
703 3238 739 3276 an
752 3224 849 3278 omnia
859 3223 956 3278 medio
971 3231 1099 3294 tempore
1113 3223 1190 3277 iacta
1200 3229 1295 3277 essent

58 3319 164 3374 darum
186 3320 366 3387 continetur,
388 3318 538 3375 athabent
551 3319 652 3374 tertiae
703 3319 900 3390 retraetanda3
927 3319 978 3375 sed
1006 3336 1080 3391 resp.
1107 3333 1185 3374 nnnc
1210 3320 1295 3374 tertio

57 3415 148 3471 totius
170 3417 278 3488 negotii
299 3415 514 3472 diffinitionem.
546 3414 601 3472 Sed
616 3430 653 3470 ex
702 3418 857 3487 rescripto,
886 3417 965 3488 quod
987 3425 1080 3472 ratum
1108 3415 1194 3472 debet
1221 3431 1292 3484 essa,

57 3513 148 3568 huius
169 3527 231 3583 cap.
254 3514 312 3568 dne
333 3513 490 3585 colligitur,
512 3511 651 3583 quodid,
702 3512 844 3585 quicquid
871 3521 937 3568 ante
958 3512 1081 3570 reditum
1104 3513 1200 3568 nuntii
1221 3513 1293 3584 legi-

57 3609 139 3682 quod
166 3610 273 3666 lactum
295 3616 338 3665 est
357 3611 526 3666 anctoritate
545 3610 653 3680 prima·
701 3611 770 3664 time
784 3611 892 3665 sactum
906 3611 1001 3678 fuerit,
1021 3609 1099 3681 quod
1112 3625 1180 3664 vero
1194 3617 1295 3680 postea

57 3723 123 3762 rom
143 3707 322 3775 litterarum,
343 3707 494 3762 occasione
513 3707 653 3776 posterio-
702 3705 809 3762 iactum
830 3713 886 3775 est,
908 3705 994 3762 debet
1013 3707 1132 3763 irritari.

58 3819 123 3858 rum
145 3819 203 3860 non
225 3810 267 3859 est
289 3803 473 3874 aliquatenus
499 3803 656 3858 immutan-·
892 3823 1105 3834 -·--—-

58 3899 138 3954 dum.
172 3901 272 3957 Simile
294 3915 333 3954 ar.
351 3900 387 3955 -Ο,
399 3899 450 3955 Vl.
472 3914 519 3972 qu.
534 3893 555 3956 4
571 3899 647 3962 Quod
667 3899 731 3954 heae
752 3896 792 3972 (c.
807 3893 841 3972 6)
862 3907 890 3954 et
912 3900 942 3955 Ο.
957 3899 1077 3957 XXXV.
1100 3916 1147 3974 qn.
1162 3894 1181 3958 9
1198 3900 1293 3954 Omni-

59 3999 109 4052 das
129 3998 215 4052 modis
236 3993 277 4070 (c.
293 3993 336 4070 1).
357 4026 397 4036 -
416 3998 442 4052 ai
468 4014 530 4052 aero
551 4005 617 4068 post
642 3997 850 4067 sueeepttonem:
880 3995 1005 4052 Videtur
1033 4006 1122 4054 contr.
1151 3998 1228 4052 inira
1255 3997 1291 4052 de

57 4095 197 4166 appellat
213 4093 373 4164 Sappeatam
393 4089 433 4166 (c.
445 4087 515 4167 20);
536 4093 589 4151 sed
609 4093 653 4149 lbi
673 4109 726 4164 per
747 4093 875 4150 fraudem
896 4095 1010 4150 litterae
1029 4095 1199 4165 impetratae
1216 4101 1292 4164 sunt,

57 4191 109 4246 hic
130 4191 193 4246 sine
213 4189 323 4247 fraude.

64 4379 343 4394 -—...-.-....

61 4477 134 4546 qnod
158 4485 248 4530 tamen
273 4479 479 4546 subpunctando
505 4480 562 4546 ipae
580 4480 705 4534 librarius
724 4481 832 4534 delevit.
886 4480 909 4544 ³)
929 4479 995 4534 Ood.
1013 4481 1127 4547 maadi.
1181 4480 1205 4546 ⁴)
1224 4481 1290 4535 Cod.

60 4547 100 4600 vel
125 4556 182 4598 reat.
209 4546 249 4598 ecl
272 4547 424 4611 confirmatior
449 4547 561 4614 spoliatio
588 4558 611 4598 et
636 4558 679 4601 ate.
751 4551 774 4614 ὅ)
805 4548 872 4602 eod.
900 4550 925 4602 εἰ
948 4551 1003 4615 quia
1032 4587 1081 4604 ...
1107 4549 1179 4617 pd'std
1207 4553 1292 4604 nonai.
