3098 5184
251 217 379 308 ΧΙΙΧΙΙΙ
728 216 1001 274 PRAEFATIO

252 393 399 474 nardinis,
420 392 450 456 id
472 393 551 475 quod
571 391 723 461 lilollellus
744 393 782 456 de
803 392 958 456 liddensis
978 393 1090 458 codicis
1110 392 1220 474 glossis
1234 390 1343 458 iecisse
1359 393 1484 471 videtur,

253 521 377 585 quarum
397 505 522 585 passim,
551 506 608 566 nisi
630 522 717 586 quam
741 503 828 567 aliam
857 503 962 585 siglam
991 504 1062 585 ipsis
1090 503 1236 566 invenerit
1265 503 1423 584 adiectam,
1455 505 1486 565 in

252 611 393 678 Beruardi
413 631 527 676 summa
549 614 692 696 qamesivit
713 611 889 691 iontem⁶¹).
932 613 1016 676 Parvi
1038 613 1155 695 quidem
1178 611 1292 691 liabeo,
1313 613 1391 694 quod
1412 631 1486 695 pau-

254 741 354 786 camm
370 730 482 787 mutum
504 723 670 805 glossarum
690 722 873 786 Bernardum
902 730 1054 786 auctorem
1077 741 1147 788 esse
1169 723 1239 786 dicit
1260 722 1395 786 loannes.
1438 723 1487 784 Uti

254 851 327 896 vero
347 834 378 896 iu
398 833 519 898 Halensi
541 835 658 914 saepius
679 834 732 913 iis,
762 851 839 914 quae
863 833 967 914 siglam
988 833 1073 895 istam
1094 833 1250 911 exhibent,
1282 832 1397 896 additae
1418 841 1490 895 sunt

254 949 342 1005 rimae
371 943 457 1006 alium
487 944 676 1025 interpretem
700 943 887 1022 redolentes,
919 961 947 1004 e.
972 961 1003 1024 g.
1034 943 1110 1018 „hoc
1130 941 1300 1023 intellig0“,
1331 941 1378 1006 vel
1413 942 1489 1016 „sed

255 1069 315 1134 ego
331 1058 418 1129 etc.“,
441 1052 489 1115 vel
508 1053 619 1131 ,credo
634 1060 762 1134 autem“,
784 1053 834 1116 vel
857 1053 967 1128 „credo
982 1052 1168 1130 meliorem,
1192 1052 1236 1116 sic
1259 1059 1289 1114 et
1310 1052 1489 1132 quandoque

254 1170 422 1244 correptum
455 1163 589 1228 videmus
619 1163 762 1227 Breviarii
793 1169 961 1241 auctorem,
999 1163 1077 1246 quod
1113 1181 1172 1225 non
1208 1161 1369 1224 litteraliter
1399 1180 1488 1223 rece-

254 1274 348 1356 perit,
383 1280 433 1336 aut
464 1272 543 1355 quod
574 1291 634 1336 non
665 1274 805 1338 reiecerit
836 1272 913 1336 hanc
943 1272 1060 1335 illamve
1092 1271 1272 1336 decretalem
1293 1269 1352 1351 66),
1390 1271 1488 1332 semel

255 1382 406 1464 Papiensis
440 1382 489 1446 vel
521 1401 664 1464 expressa
691 1383 722 1446 fit
751 1383 860 1446 mentio
871 1379 923 1460 66).
974 1381 1106 1445 Aliarum
1134 1382 1320 1464 glossarum,
1351 1399 1388 1444 an
1410 1399 1488 1444 unus

255 1491 394 1574 idemque
416 1493 453 1556 sit
474 1501 576 1556 auctor
597 1500 627 1555 et
649 1493 730 1574 quis,
753 1492 823 1555 nolo
844 1491 992 1555 decidere.
1031 1490 1106 1554 Nam
1127 1491 1204 1554 aliae
1225 1491 1320 1572 siglae
1342 1508 1489 1572 nusquam

254 1603 457 1683 inveniuntur,
485 1602 596 1683 pluries
624 1620 697 1666 vero
723 1603 807 1666 hisce
835 1603 865 1665 in
894 1601 1003 1684 glossis
1031 1601 1068 1664 ad
1097 1601 1299 1664 distinctiones
1320 1601 1488 1680 remittitur,

256 1729 330 1794 quas
350 1730 451 1775 earum
474 1719 576 1776 auctor
595 1713 659 1793 ipse
681 1712 786 1776 lecerit
808 1712 845 1775 ad
869 1712 996 1774 Gratiani
1011 1711 1162 1774 decretum
1177 1708 1240 1789 66),
1270 1728 1368 1792 neque
1391 1710 1490 1774 solum

254 1822 313 1885 hoc
333 1821 423 1886 modo
444 1821 568 1885 aliorum
590 1822 745 1903 opiniones
765 1821 949 1885 referuntur:
974 1822 1091 1896 „dicunt
1105 1820 1184 1900 alii“,
1210 1820 1409 1899 „respondent
1424 1821 1490 1902 qui·

255 1930 359 2012 dam“,
383 1929 483 2007 „multi
504 1931 661 2012 latentur“,
686 1931 867 2008 „secundum
889 1931 1069 2012 quosdam“,
1094 1937 1261 2012 „exponunt
1282 1933 1433 2012 magistri“
1460 1939 1490 1994 et

256 2059 334 2122 quae
350 2049 418 2104 suut
433 2041 553 2120 similia,
576 2041 630 2106 sed
646 2049 676 2104 et
690 2040 814 2122 plurium
835 2049 993 2104 occurrunt
1014 2041 1143 2120 nomina,
1165 2047 1224 2104 tam
1245 2041 1419 2123 legistarum
1434 2037 1489 2120 ⁶⁵),

255 2157 288 2213 ut
300 2150 421 2233 Bulgari
434 2147 492 2230 66),
514 2150 632 2215 loannis
645 2150 778 2214 Bassiani
790 2149 847 2230 ⁶⁷),
870 2150 1002 2213 Allerici
1015 2148 1073 2229 66),
1095 2149 1207 2214 Aldrici
1221 2149 1274 2226 69),
1296 2169 1383 2232 quam
1398 2169 1491 2214 cano-

291 2408 326 2477 ⁰¹)
345 2410 415 2464 Vide
434 2428 516 2478 supra
533 2417 587 2463 not.
599 2409 643 2465 26.
680 2407 768 2473 Quam
786 2409 867 2462 fallax
893 2411 928 2460 sit
950 2426 981 2462 ea
1001 2411 1207 2476 argumentatio,
1233 2425 1286 2476 qua
1305 2425 1371 2462 usus
1390 2416 1431 2461 est
1450 2411 1492 2462 vir

344 2499 526 2565 clarissimus,
542 2499 566 2550 is
584 2499 643 2566 ipse
662 2497 817 2563 comprobat
834 2495 927 2563 locus,
946 2511 1026 2561 quem
1040 2513 1072 2548 ex
1085 2495 1270 2549 Fuldensibus
1286 2495 1385 2562 glossis
1405 2496 1493 2547 attulit

345 2583 378 2636 de
396 2585 539 2637 verborum
557 2599 659 2649 rogere,
678 2583 796 2649 derepere
815 2591 858 2636 ete.
878 2583 1087 2648 significatione;
1108 2598 1169 2634 nam
1188 2585 1216 2636 in
1235 2598 1341 2636 summa
1360 2599 1410 2634 sua
1427 2582 1493 2635 Ber-

345 2671 444 2724 nardus
464 2688 496 2724 ne
515 2671 610 2723 alludit
632 2671 741 2738 quidem
759 2672 836 2722 istam
856 2669 1063 2722 distinctionem,
1101 2668 1156 2722 Sed
1173 2686 1223 2722 nec
1236 2687 1281 2736 ea,
1300 2683 1380 2734 quam
1394 2675 1450 2719 not.
1459 2667 1492 2722 59

345 2757 484 2826 dedimus,
508 2757 540 2810 de
559 2757 629 2824 legis
647 2756 784 2808 Mosaicae
802 2757 955 2808 auctoritate
978 2755 1071 2821 glossa
1094 2756 1241 2810 litteraliter
1260 2769 1382 2808 summae
1406 2756 1490 2807 textui

346 2843 505 2912 respondet,
523 2850 549 2898 et
566 2859 677 2910 prorsus
696 2843 772 2895 deest
788 2844 817 2894 in
837 2840 903 2894 cod.
921 2841 1044 2895 Halensi.

294 2927 329 2995 66)
346 2930 391 2982 Ad
409 2931 462 2986 o.2
480 2929 513 2982 de
531 2928 652 2983 divortiis
671 2928 731 2992 (IV.
744 2928 790 2993 20)
809 2930 941 2984 rubricam
960 2929 1026 2982 haec
1044 2935 1200 2987 occurrunt:
1224 2927 1281 2978 Hoc
1301 2946 1322 2980 c.
1339 2927 1491 2994 originaliter

345 3017 407 3068 sees
423 3017 538 3069 retinetur
554 3034 649 3081 ammas,
668 3017 742 3068 cerda
759 3025 836 3066 teroem
854 3015 949 3066 maltum
965 3025 1022 3066 sunt
1037 3017 1134 3066 cerictc
1152 3026 1175 3066 et
1191 3017 1316 3079 intercise,
1336 3025 1363 3066 art
1375 3031 1423 3080 per
1441 3014 1490 3063 cri-

341 3103 425 3169 qinele
437 3114 519 3170 patet,
545 3103 579 3156 ad
597 3103 648 3157 cd
666 3103 698 3155 de
717 3119 795 3170 purg.
814 3119 908 3156 canon.
927 3101 972 3164 (V.
986 3100 1033 3165 29)
1051 3121 1076 3154 v.
1095 3103 1203 3168 quotiens
1221 3106 1286 3156 ista:
1311 3101 1367 3151 Hor
1387 3118 1407 3153 c.
1422 3101 1490 3166 posi-

346 3193 394 3240 tirm
412 3201 447 3240 est
459 3209 508 3256 pro
521 3190 598 3256 palea
618 3189 646 3240 0.
659 3187 698 3241 II.
717 3189 801 3254 qmd,
827 3191 860 3241 ad
883 3207 904 3242 c.
924 3189 972 3240 ult.
992 3189 1051 3240 eod.
1076 3205 1101 3240 v.
1119 3190 1144 3240 in
1163 3190 1307 3255 predatione
1331 3189 1412 3241 haec:
1442 3187 1492 3237 Per

342 3277 387 3327 doc
403 3277 498 3328 verbum
512 3277 602 3342 prodo,
622 3275 689 3341 qaod
704 3275 748 3326 tce
765 3293 819 3342 cap.
837 3293 884 3326 moe
895 3275 964 3341 fecit
979 3275 1014 3325 ad
1031 3275 1129 3327 titulum.

295 3361 330 3428 66)
349 3361 389 3415 Cf.
409 3365 445 3430 gl.
464 3363 593 3414 staeenri
610 3364 643 3415 ad
660 3363 709 3417 ol
732 3363 765 3416 de
783 3365 887 3416 iudaeis
906 3361 952 3424 [V.
965 3361 1009 3424 5):
1039 3361 1096 3412 Hoc
1113 3379 1167 3428 cap.
1180 3361 1284 3428 positam
1303 3371 1338 3412 est
1351 3379 1398 3426 pro
1413 3361 1490 3427 palea

342 3448 388 3502 Di.
407 3449 452 3500 LI
455 3447 498 3512 V.,·
521 3451 585 3500 ca'rcc
601 3449 679 3514 finem
703 3458 790 3500 testatm
811 3449 918 3514 compit
940 3458 963 3498 et
985 3450 1085 3499 naumvit
1105 3447 1289 3514 Papieasis,
1319 3458 1345 3500 et
1367 3448 1402 3498 idi
1420 3457 1491 3514 patet

348 3553 378 3586 es
396 3536 484 3587 littere.
1236 3571 1240 3576 -

295 3619 330 3687 ⁸⁴)
349 3620 389 3675 (ΙΙ.
407 3622 443 3689 gl.
461 3620 519 3674 Non
535 3639 579 3674 seo
597 3621 649 3677 cs
667 3623 700 3676 de
720 3623 864 3689 poenitent.
884 3620 930 3684 (V.
943 3620 1005 3686 33):
1040 3621 1107 3673 Saea
1129 3632 1206 3674 auem
1229 3622 1301 3672 iader
1317 3621 1425 3686 efficimur
1443 3637 1490 3670 non

345 3725 403 3759 suas
419 3709 531 3774 pluribus
547 3708 636 3773 modis,
667 3718 694 3760 et
711 3709 808 3774 plenius
831 3707 884 3758 daei
909 3706 935 3760 0.
953 3707 1008 3760 ΙΙΙ.
1032 3708 1108 3773 qmd'
1131 3709 1155 3759 im
1179 3709 1327 3760 distinctione
1345 3708 1380 3757 idi
1392 3707 1490 3772 posita,-

345 3796 381 3862 gl.
400 3794 506 3862 Accepto
529 3797 579 3852 ml
600 3797 633 3850 de
653 3805 714 3849 voto
733 3795 795 3858 (111.
810 3794 874 3860 29);
909 3793 978 3845 Nota
1001 3795 1039 3844 tie
1059 3796 1270 3860 competentiorem
1287 3794 1338 3844 voti
1353 3792 1389 3844 ed
1404 3793 1489 3842 melius

345 3881 521 3948 admittendam,
541 3883 607 3948 quod
616 3883 642 3934 im
652 3881 800 3946 Diripiens
811 3881 899 3946 nctuui,
919 3883 1016 3947 quando
1029 3882 1169 3933 admittamur
1186 3881 1352 3947 compensatio,
1373 3879 1416 3930 Di.
1427 3878 1452 3928 L
1459 3877 1488 3929 V.

345 3967 379 4019 st
399 3970 538 4036 waopeliee
562 3973 597 4034 (c.
613 3969 672 4036 13);
704 3969 739 4036 gl.
757 3969 865 4020 Exilium
884 3969 936 4024 αἳ
954 3969 986 4022 de
1006 3977 1120 4022 accusat.
1145 3968 1190 4032 (V.
1205 3972 1248 4031 ll:
1276 3967 1385 4018 Exilium
1404 3966 1490 4016 dasda-

341 4071 403 4121 gue,
423 4065 451 4108 ut
466 4057 491 4106 im
507 4074 599 4107 semma
615 4056 790 4108 distinctionem
806 4056 894 4122 scripsi
912 4053 1082 4120 0.Il.qu.1
1102 4053 1134 4105 In
1148 4055 1235 4120 primis
1252 4057 1315 4120 (Ι);
1347 4054 1383 4120 gl.
1401 4051 1490 4102 Prodi-

344 4143 412 4194 detar
429 4144 482 4198 c.3
504 4143 538 4198 de
562 4145 653 4196 usuris
679 4143 797 4209 (V.15):
967 4136 1491 4207 urpentmdertneto.1.qc.·7l1ut

345 4237 421 4279 torum
438 4232 495 4295 (l).

293 4311 327 4380 66)
345 4314 450 4368 Horum
475 4317 508 4368 de
531 4317 587 4369 vite
608 4317 748 4383 scriptisve
767 4315 800 4368 ad
817 4319 935 4368 samaim
952 4313 1064 4379 (Gesch.
1083 4313 1109 4366 d.
1127 4311 1159 4366 R.
1178 4313 1226 4381 R.,
1250 4312 1328 4366 Tem.
1342 4310 1390 4364 IV.
1416 4329 1443 4380 p.
1457 4310 1490 4368 69

346 4403 405 4468 (75)
419 4418 470 4470 sq,
490 4401 540 4458 194
553 4402 629 4469 (225)
644 4419 694 4471 sq,
711 4401 764 4458 240
775 4401 852 4468 (289)
867 4405 920 4468 sq.)
939 4401 1052 4454 lectores
1071 4402 1208 4453 remisisse
1227 4402 1291 4452 satia
1310 4401 1368 4452 erit

292 4485 327 4552 66)
348 4488 393 4542 Gl.
416 4487 450 4539 In
467 4505 508 4538 cra
532 4490 632 4542 deorum
654 4489 725 4546 c.10
750 4489 783 4542 de
806 4495 910 4542 testam.
936 4485 997 4551 (ΙΙΙ.
1014 4484 1076 4551 22);
1113 4485 1217 4554 Propter
1240 4487 1284 4536 loc
1308 4486 1404 4536 vedum
1428 4485 1489 4537 d'eo

346 4573 529 4642 Bulpcras,
547 4577 661 4628 maiorem
676 4592 797 4629 eumaeum
814 4592 844 4626 ea
860 4573 999 4627 necessitate
1015 4574 1156 4640 saipmdsm
1175 4583 1199 4625 et
1213 4573 1277 4640 leges
1290 4573 1428 4626 metrerias
1440 4589 1489 4624 esse
