3098 5184
236 232 332 290 xuvt
722 233 997 292 Puuuraum

236 407 367 487 dubirrn,
388 409 460 490 quin
480 407 518 471 ab
538 409 741 488 anu'quissimo
761 417 895 492 tempore
915 413 974 474 ista
994 411 1071 475 liber
1090 412 1128 476 ad
1146 411 1352 476 bibliothecam
1371 413 1465 478 arabi-

236 519 435 601 episcopalem
451 522 632 602 pertinuerit
660 521 868 600 miscellaneis,
891 524 941 603 qui
956 523 1091 586 dicuntur
1104 523 1235 599 codices,
1255 529 1384 587 nostrum
1400 541 1466 585 essa

237 629 504 710 adnumerandum,
526 649 593 694 cum
615 631 691 694 baec
711 633 863 713 inscriptio
884 632 988 712 docet,
1010 641 1071 695 turn
1086 633 1162 696 liber
1176 635 1249 715 ipse.
1285 633 1380 694 Primo
1401 632 1466 693 loco

236 739 302 814 (iol.
322 740 436 816 1-76)
458 743 587 804 occurrit
607 742 656 804 illa
681 742 738 818 „de
760 742 852 804 verbo
873 743 1063 805 abbreviato“
1087 743 1241 820 summula,
1263 750 1295 805 ut
1315 741 1396 804 litulo
1414 742 1465 804 lno-

237 849 342 913 dierno
363 857 437 928 utar,
461 869 550 932 quem
571 851 637 914 libri
658 852 749 914 dorso
770 851 862 916 habes
884 855 1072 936 inscriptum,
1094 853 1176 916 nudo
1196 869 1269 916 vero
1290 852 1380 915 modo
1398 869 1467 914 esse

237 957 420 1040 probabilem
444 959 530 1022 facile
552 960 675 1040 videbis,
697 964 723 1024 si
746 961 794 1025 vel
808 963 904 1025 obiter
916 964 1142 1044 perlustraveris
1158 962 1296 1026 libellum.
1334 961 1468 1025 Continet

237 1071 317 1132 enim
331 1068 400 1132 inda
411 1088 428 1131 a
440 1068 533 1135 salt*
548 1071 646 1134 varias
655 1089 745 1152 super
759 1072 969 1136 diversissimis
984 1075 1060 1137 vitiis
1075 1082 1105 1136 et
1121 1073 1272 1136 virtutibus
1289 1080 1469 1135 commenta-
1537 1093 1538 1118 2

237 1178 399 1258 tiunoulas,
430 1178 510 1241 nullo
536 1179 623 1260 plane
646 1185 812 1263 systematis
837 1183 940 1245 ordine
962 1183 1035 1246 alias
1055 1183 1120 1246 aliis
1140 1182 1252 1246 additas
1265 1182 1326 1262 ⁹⁰),
1355 1199 1468 1262 easque
1537 1177 1538 1228 l

237 1287 301 1364 (iol.
319 1291 393 1354 1⁸-
415 1295 445 1364 ⁸)
475 1289 704 1369 praefatiuncula
730 1293 881 1373 praecedit
910 1295 1040 1375 quinqua
1062 1293 1271 1375 capitulorum,
1302 1309 1392 1374 quae,
1422 1290 1468 1352 his

240 1398 339 1462 verbis
375 1399 535 1480 incipieus:
576 1402 704 1463 Verbum
735 1405 942 1465 abbreviatum
968 1405 1039 1482 fecit
1066 1423 1168 1465 omnes
1193 1411 1264 1480 etc,
1297 1400 1335 1463 da
1363 1399 1467 1478 forma,

237 1507 297 1572 line
319 1517 350 1574 et
370 1508 465 1571 inrelu
486 1508 601 1572 illarum
623 1511 843 1574 meditationum
864 1514 1009 1576 rationem
1031 1514 1114 1594 quasi
1133 1512 1231 1575 uudet
1243 1511 1380 1590 reddere,
1402 1527 1469 1572 cum

239 1619 333 1700 primo
361 1622 397 1682 de
424 1622 569 1682 breuitate
596 1624 729 1685 baianis
755 1630 786 1684 et
814 1625 850 1684 de
874 1625 1017 1685 brevitme
1041 1627 1251 1702 quaestionum
1278 1632 1306 1682 et
1333 1624 1471 1698 duplata-

239 1734 357 1792 tiouum
393 1737 481 1811 atque
517 1733 553 1792 de
586 1736 677 1793 nimia
710 1735 868 1811 profunda
903 1736 1050 1794 celestium
1084 1736 1290 1810 iarqadsa'tione,
1331 1747 1400 1792 mox
1435 1733 1472 1791 de
1538 1747 1539 1760 ¹

238 1841 330 1902 modo
364 1843 554 1918 dieucum
591 1842 709 1904 taudem
744 1844 780 1902 de
812 1845 1037 1919 praedicatione
1071 1862 1149 1920 quae
1182 1843 1264 1903 debet
1294 1841 1471 1919 praecedere

237 1955 375 2012 erimina
402 1957 482 2014 vitae
511 1953 624 2032 egerit,
654 1952 786 2032 quisquis
815 1949 903 2012 luerit
930 1951 1044 2013 illarum
1072 1940 1184 2014 auctor.
1227 1950 1271 2012 De
1293 1949 1384 2013 altera
1405 1949 1470 2010 libri

240 2058 478 2122 vindobonensis
508 2067 591 2140 parte
617 2059 682 2136 (iol.
697 2060 857 2135 77—110)
887 2061 905 2121 i.
929 2079 957 2122 e.
990 2061 1028 2122 dc
1061 2060 1248 2124 sermonibus
1278 2058 1349 2122 nibil
1375 2057 1471 2120 haheo

239 2169 318 2250 quod
340 2185 495 2246 moneam,
524 2169 581 2231 nisi
608 2168 685 2231 binis
712 2186 765 2232 eos
795 2170 979 2250 conscriptos
1000 2189 1071 2233 essa
1092 2171 1253 2248 columnis,
1284 2185 1383 2248 neque
1408 2167 1470 2230 dari

241 2295 295 2359 per
309 2284 401 2340 totum
416 2278 485 2340 anni
504 2277 644 2340 circulum
665 2280 685 2340 i.
702 2297 728 2342 c.
744 2279 781 2341 ad
798 2281 966 2341 continuam
981 2281 1110 2342 omnium
1126 2280 1336 2342 dominicarum
1350 2277 1471 2340 seriem.

239 2387 271 2450 ln
303 2395 437 2450 extrema
470 2387 581 2450 codicis
613 2395 695 2470 parte
728 2387 794 2466 (iol.
822 2389 1001 2462 lli-132)
1034 2389 1177 2453 Bemardi
1209 2389 1360 2470 Papiensis
1389 2386 1474 2449 adeat

240 2515 366 2576 summa,
388 2497 425 2560 ab
446 2497 505 2560 alio
527 2497 646 2580 quidem
669 2517 755 2580 quam
778 2498 854 2578 illae,
877 2517 954 2580 quae
973 2500 1153 2581 praecedunt
1166 2499 1398 2576 lucubrationes,
1421 2495 1474 2560 sed

239 2605 276 2670 ab
298 2623 357 2670 uno
380 2607 547 2689 eodemque
568 2608 687 2670 librario
709 2608 813 2671 litteris
835 2611 1034 2672 minutissimis
1056 2610 1194 2691 lectuque
1216 2610 1287 2672 satis
1308 2606 1473 2670 difficilibus

240 2717 416 2798 conscripta.
452 2717 681 2791 Quaternionum
703 2727 770 2781 sunt
784 2720 813 2794 3,
835 2735 939 2782 omnes
954 2720 1020 2782 sine
1035 2719 1215 2797 custodibus,
1239 2719 1293 2783 sed
1311 2717 1360 2780 hic
1377 2717 1473 2779 illicve

240 2825 380 2890 librorum
403 2829 534 2890 numeris
555 2828 672 2910 signati.
716 2828 872 2891 Linearum
901 2829 931 2891 in
952 2827 1104 2891 columnas
1126 2847 1186 2891 non
1207 2828 1366 2892 divisarum
1382 2828 1472 2890 variat

241 2953 389 3014 uumerus,
412 2945 444 3000 ut
464 2956 556 3020 saepe
576 2937 651 3000 infra
674 2937 715 3003 60
736 2945 898 3018 remaneat,
920 2936 1076 3018 aliquoties
1098 2939 1173 3001 ultra
1189 2937 1232 3004 70
1253 2943 1378 3000 crescat.
1416 2935 1472 2998 De-

242 3052 288 3108 est
309 3044 399 3109 libelli
420 3048 450 3110 in
473 3046 672 3130 paragraphus
694 3047 857 3126 distinctio,
882 3066 938 3110 nec
958 3047 1036 3110 ullae
1058 3047 1122 3111 lere
1142 3054 1301 3112 occurrunt
1322 3054 1474 3110 correctu-

240 3161 293 3218 rae
315 3163 365 3220 aut
384 3157 547 3221 additiones
570 3155 748 3238 marginales
763 3156 815 3238 91),
839 3158 921 3220 cuius
942 3158 987 3221 rei
1008 3175 1045 3220 ca
1067 3157 1137 3220 mihi
1158 3157 1359 3222 videturesse
1374 3175 1473 3234 causa,

328 3491 391 3528 vero
410 3477 541 3529 recentior
559 3491 655 3530 manus
668 3474 950 3544 mercamentum«,
968 3475 1138 3544 quiquidem
1153 3491 1291 3543 numerus,
1309 3491 1363 3544 quo
1376 3474 1478 3544 tendat,

330 3561 455 3628 equidem
475 3564 575 3615 nescio.

276 3645 311 3712 ⁹⁰)
332 3643 460 3714 Quinque
480 3650 596 3714 priorum
622 3649 672 3701 hae
697 3655 759 3702 sunt
784 3651 917 3703 rubricae:
945 3649 975 3699 da
998 3649 1055 3699 vitio
1079 3649 1218 3714 superbiae,
1243 3657 1327 3700 canoa
1350 3645 1476 3712 inuidiam,

330 3741 413 3784 annuo
431 3733 635 3799 detrectationem,
661 3735 691 3786 de
713 3735 856 3800 bumilitate,
882 3735 912 3786 de
936 3736 1126 3799 mansuetudine,
1152 3735 1263 3788 duarum
1289 3753 1353 3788 vero
1372 3741 1477 3803 postre-

331 3836 432 3874 marum
451 3821 515 3875 hae:
542 3821 571 3872 de
593 3823 644 3872 uita
667 3832 778 3886 aalma,
803 3831 887 3873 eontra
910 3823 1032 3874 assiduum
1051 3823 1138 3886 risum,
1164 3837 1232 3888 quac
1252 3821 1362 3888 quidem
1381 3821 1479 3874 ultima

329 3905 362 3958 ad
380 3907 461 3960 finem
480 3925 533 3962 non
553 3915 595 3963 est
614 3909 749 3977 perducta,
770 3911 819 3962 sed
837 3927 930 3963 manca
947 3916 972 3963 et
988 3910 1080 3962 mutila
1099 3909 1254 3978 explicitis
1272 3908 1326 3960 fine
1343 3907 1389 3960 iol.
1402 3907 1460 3963 76⁸.

278 3992 312 4060 Ἰ)
331 3991 431 4047 Harum
446 4011 524 4048 unam
539 4013 599 4049 aum
616 3997 642 4050 in
656 3997 780 4049 editionis
795 3997 904 4064 notulis,
923 3999 1083 4063 nescioquo
1100 4011 1173 4061 casu,
1192 3992 1298 4046 silentio
1317 3994 1480 4058 transierim,

329 4077 380 4132 hoc
398 4079 457 4135 loco
477 4082 545 4135 hanc
561 4083 657 4135 addere
670 4082 756 4148 liceat,
776 4084 899 4148 quamvis
914 4085 999 4148 ipsius
1013 4078 1142 4135 Bernardi
1155 4095 1200 4133 eas
1214 4095 1275 4132 esse
1289 4081 1333 4132 vix
1346 4077 1478 4132 credibile

330 4167 451 4220 habeam.
485 4170 528 4222 Ad
542 4171 579 4222 tit.
593 4170 626 4220 de
640 4175 744 4235 coguut.
759 4171 842 4236 spirit
855 4169 900 4222 iol.
917 4167 980 4223 12tb
998 4169 1063 4222 baec
1081 4168 1208 4234 leguntur
1227 4167 1259 4220 ab
1278 4168 1338 4234 ipso
1356 4165 1481 4230 librario,

331 4255 356 4306 ni
377 4255 463 4320 fallor,
482 4257 514 4307 ad
533 4257 650 4308 infimam
669 4257 816 4321 marginem
835 4255 950 4308 adiecta:
968 4252 1026 4303 Duo
1038 4262 1093 4302 aunt
1107 4270 1184 4318 casus,
1204 4252 1229 4302 iu
1242 4252 1327 4316 quibus
1339 4250 1482 4302 beatulicui

329 4339 416 4390 buben
433 4339 495 4390 duaa
511 4350 650 4391 commatres
655 4359 665 4403 ,-
688 4357 763 4404 unus,
788 4342 812 4391 si
829 4357 890 4391 usar
907 4339 1022 4402 aliamue,
1048 4348 1175 4404 antequam
1193 4337 1353 4389 emunctam
1369 4355 1422 4388 cum
1440 4354 1477 4402 eu,

333 4426 420 4494 qff'ectu
432 4427 487 4493 suit
502 4437 628 4477 commater
645 4427 746 4478 alicuius
763 4427 880 4492 mulieris,
905 4425 1019 4492 defunctu
1042 4441 1095 4475 meu
1116 4443 1212 4490 parcum
1233 4425 1319 4476 ducere
1335 4421 1419 4487 illam3
1443 4441 1481 4474 se·

333 4513 424 4564 maduo
429 4549 436 4578 ,
455 4513 478 4564 ai
494 4529 555 4564 usar
571 4529 624 4564 meu
641 4513 712 4566 babet
722 4513 811 4578 filium,
829 4531 876 4564 non
890 4529 938 4579 per
952 4529 1001 4577 me,
1020 4511 1139 4563 muiimm
1155 4511 1319 4580 nucipimtem
1336 4509 1403 4562 illum
1416 4511 1480 4562 licite

332 4599 393 4655 daeo
409 4617 463 4653 mea
479 4599 601 4668 desuem
637 4591 755 4653 Siraiiit'ar
772 4609 828 4654 sant
844 4600 892 4652 duo
908 4616 992 4665 meua,
1015 4599 1042 4652 in
1058 4599 1144 4666 quibes
1159 4615 1207 4652 non
1226 4598 1335 4665 poteria,-
1358 4613 1434 4664 mua,
1457 4596 1482 4650 si
