3098 5184
578 230 814 290 uuruouls.
1238 231 1311 288 XXI

82 407 185 473 addidit
206 409 339 490 scholia,
369 407 515 488 implenda
537 408 649 472 curavit
663 407 715 484 33).
758 407 817 472 Sed
843 407 991 474 mittamus
1011 406 1082 470 istas
1104 405 1307 490 collectiones,

81 520 252 601 tandemque
274 528 458 583 transeamus
480 518 517 582 ad
544 537 627 598 eam,
660 536 747 600 quom
777 517 871 582 solam
892 517 978 580 nobis
1007 516 1093 581 huius
1120 517 1309 598 praelationis

80 629 226 691 materiem
250 629 407 710 elegimus,

153 737 187 800 11.
232 738 425 814 Summam,
446 744 477 801 ut
498 738 535 800 de
557 755 594 800 ea
615 737 711 818 primo
733 736 800 800 loco
822 753 921 818 agauq
943 753 1033 818 super
1053 735 1250 804 decretmibus
1268 739 1306 804 ab

78 849 136 928 ipso
158 847 324 928 compilatis
347 850 544 931 conscriptam
565 865 634 910 esse
657 845 839 910 aBernardo
854 846 997 926 Pupiensi‚
1019 846 1146 914 lotuucs
1159 847 1306 930 dudrete,

76 957 156 1019 nobis
177 965 339 1036 seruatam,
362 958 458 1026 bitur·
481 957 599 1026 Strtlus
621 965 650 1020 et
671 963 825 1039 postcom
848 957 876 1024 I.
898 955 918 1022 l.
941 955 972 1023 u.
994 957 1036 1022 bs
1057 956 1141 1024 Porto
1163 960 1203 1024 du
1225 957 1306 1027 duell

75 1067 212 1129 haetenus
235 1067 324 1130 nobis
345 1075 429 1130 erant
450 1075 586 1130 auctores
608 1074 639 1130 et
659 1074 761 1130 testes.
800 1065 915 1147 ,‚lpsc“,
937 1068 977 1128 ait
997 1066 1047 1129 ille
1064 1067 1094 1128 in
1109 1067 1305 1132 additionibus

73 1175 107 1238 ad
124 1193 259 1256 prooem.
275 1175 389 1257 speculi
403 1176 547 1240 iudicialis
561 1174 712 1240 Durantini
727 1176 779 1255 33),
804 1193 913 1258 „super
933 1175 1058 1238 rubricis
1080 1177 1303 1258 compilationis,

75 1302 157 1365 quarn
178 1285 312 1364 lecerat,
335 1284 405 1347 fecit
426 1286 592 1365 Summam,
622 1304 699 1368 quac
720 1286 834 1366 incipit:
864 1288 1018 1365 Profectus
1043 1288 1181 1364 discipuli
1200 1292 1302 1366 picria
1412 1315 1418 1325 ²

72 1399 235 1473 mopiatrt.“
283 1394 366 1457 Haud
389 1396 506 1476 quidem
529 1413 636 1478 magua
656 1395 704 1458 isti
732 1395 888 1460 assertioni
913 1395 1098 1475 quantumvis
1120 1397 1303 1461 certissimae

72 1505 168 1567 tributa
191 1523 267 1568 esse
290 1504 405 1567 videtur
424 1504 516 1585 lides;
538 1525 606 1568 nam
629 1512 659 1567 et
679 1505 755 1587 apud
778 1505 852 1568 alios
875 1504 1008 1568 eiusdem
1029 1507 1171 1587 temporis
1186 1507 1302 1588 glossa·

70 1621 144 1676 tores
164 1614 268 1695 idem,
299 1615 377 1695 quod
400 1615 506 1690 sciam,
533 1617 572 1678 de
594 1633 630 1678 ca
651 1633 685 1678 re
707 1621 841 1678 seruatur
862 1613 1025 1692 silentium,
1049 1615 1127 1695 quod
1149 1616 1225 1696 apud
1248 1635 1301 1699 po·

70 1725 225 1801 sterteres,
261 1743 360 1806 neque
389 1724 530 1788 dubitauit
558 1725 625 1788 Ant.
647 1724 831 1806 Augustinus
858 1723 896 1786 de
918 1723 969 1786 illo
996 1723 1139 1804 opusculo
1159 1725 1302 1791 bernardi

68 1832 108 1894 bis
128 1835 168 1896 uti
194 1834 315 1896 uerbis:
361 1853 521 1909 „summam
550 1835 707 1916 scripsisse
734 1833 919 1912 dicitur“,
949 1851 1005 1914 qua
1033 1834 1138 1898 eadem
1160 1835 1301 1918 loquendi

68 1941 184 2007 formula
207 1943 365 2006 Douiatius
380 1943 422 2019 33)
452 1952 482 2006 et
508 1945 557 2006 alii
587 1945 749 2006 utebantur.
792 1941 868 2016 Quid
892 1944 970 2024 quod
992 1944 1128 2026 equidem
1152 1945 1200 2008 vel
1221 1964 1300 2010 nunc

70 2052 279 2133 dubitaverim,
308 2072 347 2116 ex
368 2055 498 2135 autopsia
519 2055 657 2118 retulisse
679 2053 834 2131 loannem,
864 2071 941 2135 quae
969 2053 1006 2116 de
1035 2071 1148 2118 summa
1171 2063 1297 2120 enamat.

70 2160 134 2223 Nolo
161 2163 198 2225 iis
229 2163 371 2226 insistere
401 2165 599 2245 argumentis,
629 2182 706 2245 quae
737 2171 785 2227 aut
813 2183 852 2227 ex
881 2161 1044 2226 differentia
1073 2166 1137 2228 veri
1165 2181 1298 2229 summae

69 2270 129 2332 initii
151 2272 188 2333 ab
212 2289 264 2350 eo,
288 2273 367 2354 quod
386 2273 512 2336 loannes
532 2273 654 2354 prolert,
677 2280 726 2339 aut
747 2273 815 2335 inde
837 2280 960 2353 possunt
981 2272 1104 2352 desumi,
1128 2273 1207 2354 quod
1230 2273 1298 2341 uul-

66 2379 175 2448 ictuum
198 2381 348 2450 burtutls
370 2381 444 2445 salso
465 2384 650 2464 coarguerit,
673 2383 859 2464 estantiquis
880 2383 1061 2445 Bemardum
1082 2399 1204 2464 prorsus
1226 2401 1295 2447 esse

67 2489 171 2554 abillo
201 2493 457 2574 praetermissum.
501 2492 561 2554 lam
584 2509 673 2570 uero,
703 2493 728 2554 si
758 2492 805 2555 vel
833 2509 982 2570 summae,
1012 2509 1100 2574 quam
1128 2491 1295 2558 Bernardus

67 2603 224 2682 composuit
254 2602 373 2664 iamiam
395 2602 573 2665 Faventinus
601 2603 773 2684 episcopus,
796 2601 837 2664 nil
859 2601 916 2665 nisi
936 2602 1148 2682 praelationem
1170 2602 1295 2685 legisset

67 2709 193 2791 loannes,
218 2711 279 2792 ipsi
302 2719 393 2789 certe,
416 2729 503 2793 quam
526 2711 596 2774 lecit
618 2713 826 2791 coniecturam,
849 2709 912 2776 scil.
936 2711 973 2774 de
992 2711 1154 2792 Bernardo‚
1176 2731 1236 2776 non
1258 2713 1295 2776 de

65 2818 139 2887 raca
152 2819 303 2904 Puplcusl
322 2828 373 2883 aut
390 2821 520 2884 locutum
543 2839 612 2884 esse
634 2828 684 2883 aut
704 2821 784 2903 loqui
806 2821 936 2884 uoluisse
951 2819 1137 2900 Guilelmum‚
1158 2823 1298 2887 audacior

67 2929 150 2993 rideri
171 2931 289 3006 debuit,
312 2948 398 3010 quam
421 2931 475 2994 sub
500 2931 650 3012 „episcopi
665 2929 836 2994 Fauentini“
859 2931 968 3010 vorbis,
989 2931 1090 2998 lutobl
1106 2933 1144 2998 de
1157 2910 1295 3014 litargo

67 3041 166 3103 nomini
187 3040 335 3116 adiectis,
364 3055 423 3102 non
445 3048 503 3103 tam
525 3041 611 3104 huius
631 3042 724 3122 ipsius
753 3041 924 3124 dignitatem
946 3043 1026 3116 (eius
1050 3045 1128 3104 enim
1150 3040 1200 3104 ille
1221 3041 1293 3106 alias

66 3165 199 3229 nusquam
224 3149 409 3212 mentionem
431 3149 526 3228 iacit),
548 3151 602 3214 sed
624 3149 710 3214 alium
733 3151 941 3234 glossatorem,
967 3157 997 3213 et
1018 3158 1149 3214 nostrum
1175 3145 1294 3232 quidem

65 3254 166 3322 latitare
187 3259 393 3335 Bernardum3
421 3260 451 3324 id
480 3260 558 3342 quod
579 3277 657 3323 nunc
678 3261 747 3324 mibi
769 3267 853 3323 extra
875 3275 994 3322 omnem
1017 3259 1226 3324 dubitationem
1248 3261 1292 3323 vi·

66 3365 139 3430 detur
158 3371 303 3451 positum,
327 3387 393 3431 cum
415 3369 525 3432 nullum
542 3372 607 3433 eius
621 3370 748 3433 nominis
762 3377 832 3432 tunc
845 3371 988 3450 temporis
1002 3369 1179 3432 Ferentinae
1195 3371 1293 3435 eccle-

66 3476 120 3538 siae
139 3478 314 3560 praefuisse
336 3481 481 3551 sciamus,
511 3481 629 3559 iamque
650 3481 763 3561 pridem
787 3498 825 3542 ex
846 3479 937 3561 ipsius
959 3479 1075 3543 loannis
1096 3479 1236 3544 Andreae
1250 3481 1292 3560 33)

65 3589 228 3652 auctoritate
253 3587 439 3651 admonuerit
460 3588 579 3657 danitis
594 3588 652 3670 33),
673 3589 811 3652 iacobum
833 3608 873 3654 ne
895 3589 1055 3671 episcopali
1080 3589 1214 3670 quidem,
1238 3589 1292 3654 sed

64 3700 214 3778 praepositi
248 3705 360 3761 tantum
389 3699 529 3782 dignitate
559 3701 590 3762 in
621 3699 856 3781 Albingaunensi
887 3699 1018 3762 iunctum
1050 3717 1119 3762 esse
1152 3699 1291 3764 ecclesia.

91 3981 121 4048 ³⁴)
139 3984 182 4037 De
208 3987 245 4038 iis
272 3985 305 4038 ad
327 3983 442 4054 Gompll.
467 3988 579 4053 primam
604 3985 748 4053 glossulis,
778 4002 846 4053 quas
864 4004 897 4040 ex
915 3985 1084 4038 Teneredino
1103 3994 1229 4054 apparatu
1247 3987 1293 4040 uel

138 4073 250 4125 aliunde
270 4075 412 4136 Augustinus
438 4073 465 4124 ln
490 4073 602 4125 scholiis
626 4074 726 4139 passim
755 4075 867 4140 profert,
891 4074 924 4125 ci.
943 4075 1067 4124 lbaluerua
1091 4075 1118 4126 iu
1139 4071 1289 4126 Commeat.

139 4159 182 4210 cit.
200 4175 266 4226 pag.
283 4158 322 4213 12.
343 4167 397 4210 not.
410 4156 452 4213 78.

90 4242 121 4306 33)
139 4243 209 4297 Vide
230 4245 357 4311 Append.
377 4247 427 4298 sub
442 4243 489 4296 VI.
508 4245 537 4297 F.
551 4244 576 4300 3.
597 4261 656 4312 pag.
670 4243 729 4302 362.

90 4327 121 4391 33)
138 4329 170 4382 Iu
189 4333 360 4398 praenotion.
378 4348 473 4384 canon.
501 4331 561 4384 Lib.
575 4331 623 4383 IV.
643 4349 664 4384 c.
680 4331 720 4387 16.
740 4330 791 4398 §b

90 4413 122 4479 33)
139 4417 182 4470 Ad
201 4435 224 4470 e.
244 4415 287 4466 Ec
305 4416 390 4468 deeris
408 4417 441 4469 X.
462 4419 495 4470 de
514 4435 616 4493 egressa.
637 4419 758 4484 praelat:
786 4419 875 4472 „Dicit
890 4416 1041 4486 Ostiensis,
1066 4436 1094 4472 se
1117 4418 1254 4473 audivisse
1273 4435 1289 4474 a

138 4519 208 4570 mag.
227 4519 279 4556 auo
299 4503 396 4558 Iacobo
416 4508 550 4571 praeposito
569 4505 679 4572 Albing.
699 4513 763 4559 ete.r

91 4585 122 4653 33)
138 4588 170 4642 L.
188 4591 233 4645 cit
254 4588 302 4644 Nr.
316 4589 447 4645 XXVIII.
467 4608 492 4660 p.
505 4591 564 4649 330.
