3098 5184
228 214 321 270 XLIV
709 213 982 270 PRAEFATIO

231 389 288 452 duo
309 391 340 452 in
362 389 458 453 fronte
481 407 599 472 quoque
620 390 750 452 numeris
767 390 791 452 ll
812 397 842 454 et
863 391 901 454 lll
922 391 1030 474 signati
1051 398 1127 455 sunt.
1169 390 1324 455 linearum
1346 391 1378 454 in
1397 407 1463 454 om-

228 499 314 562 nibus
337 499 415 562 loliis
437 501 546 580 pariter
567 507 634 563 sunt
647 499 705 580 423
728 500 883 562 columnae
906 501 1018 563 desunt.
1055 500 1188 564 Eundem
1205 501 1352 564 librarium
1368 507 1462 564 totum

230 609 424 691 descripsisse
447 609 567 689 librum,
591 629 629 672 ex
650 611 713 690 ipsa
735 611 895 691 scriptura,
922 611 1121 673 cautissimum
1142 611 1237 690 ipsum
1259 609 1369 688 luisse,
1391 609 1462 673 inde

229 725 322 801 patet,
345 719 424 800 quod
447 738 533 801 quarn
556 718 713 801 plurimae,
736 719 806 782 licet
826 720 974 801 parvulae,
995 738 1050 801 per
1070 737 1175 783 omnes
1196 738 1329 783 summae
1351 719 1459 799 titulos,

229 829 298 892 licet
317 848 422 892 versus
444 829 533 892 finem
556 828 620 890 libri
650 829 749 909 plures
772 849 859 911 quam
888 830 1033 912 prioribus
1059 829 1089 892 in
1117 829 1260 911 pagellis,
1293 829 1399 892 adsunt
1420 829 1463 892 la-

228 958 333 1019 cunae,
356 940 443 1002 variis
467 940 561 1021 signis
582 939 618 1001 ad
641 940 804 1020 marginem
827 948 961 1018 notatae,
984 958 1056 1022 quas
1078 939 1169 1019 illum,
1191 941 1308 1021 quoties
1330 939 1367 1002 de
1391 957 1461 1002 uera

225 1048 322 1112 littera
351 1049 539 1125 dubitaverit,
571 1048 739 1130 relinquere
762 1051 901 1130 optimum
923 1049 1070 1112 iudicasse
1092 1050 1146 1112 sed
1168 1050 1284 1112 nonnisi
1305 1050 1459 1114 rarissime

226 1161 404 1222 correctoria
421 1178 508 1222 rnanu
523 1159 636 1222 videbis
652 1158 801 1240 explesse.
839 1159 886 1222 Ad
908 1161 1074 1239 marginem
1096 1159 1145 1222 vel
1165 1161 1245 1222 inter
1266 1159 1359 1222 lineas
1380 1158 1460 1220 haud

227 1269 335 1332 multae
357 1277 515 1332 occurrunt
536 1268 699 1332 additiones
723 1277 811 1350 atque
833 1269 1073 1347 emendationes,
1104 1287 1177 1349 quas
1205 1288 1245 1332 ex
1271 1267 1460 1332 simihtudine

226 1381 302 1442 inter
323 1381 450 1460 ipsarum
473 1387 559 1460 atque
581 1379 764 1442 rubricarum
787 1380 960 1460 scripturam
985 1380 1141 1460 perspicua
1177 1377 1315 1460 equidem
1344 1379 1372 1440 ei
1403 1379 1460 1458 ipsi

227 1473 441 1570 adscripserim,
466 1490 515 1570 qui
536 1488 626 1551 rubro
653 1487 755 1552 colore
777 1489 1027 1570 paragraphorum
1049 1489 1135 1569 signa
1157 1495 1245 1569 atque
1266 1487 1387 1551 initialia
1408 1487 1461 1550 ad·

227 1601 312 1678 iecit,
335 1608 459 1681 utraque
480 1600 590 1682 passim
612 1616 666 1680 pro
688 1599 848 1661 miniatoris
871 1597 962 1660 lubitu
984 1598 1180 1660 exornatiora.
1291 1652 1295 1663 .

307 1709 343 1785 l)
365 1708 408 1770 Ex
430 1709 626 1771 universitatis
647 1708 870 1789 Lipsiensis
898 1707 1076 1770 bibliotheca
1098 1709 1148 1789 qui
1169 1707 1239 1770 mihi
1268 1705 1383 1770 oblatus
1413 1713 1461 1770 est

226 1819 323 1882 codex
343 1819 464 1882 minoris
486 1818 611 1899 formae,
634 1837 712 1882 nunc
733 1819 774 1884 66
796 1818 865 1880 folia
889 1817 1116 1880 membranacea
1138 1824 1168 1880 et
1188 1817 1229 1882 22
1249 1835 1378 1899 papyrea
1399 1834 1459 1879 una

226 1929 280 1992 sub
309 1931 484 2011 compagine
515 1929 653 1992 continet.
704 1928 814 1990 Horum
846 1926 976 1990 ultimum
1007 1926 1151 2007 quaedam
1179 1927 1340 1988 recentiori
1369 1945 1461 1989 mauu

226 2038 361 2102 adnotata
392 2038 526 2118 exhibet,
563 2036 600 2101 ad
628 2040 802 2100 canonicum
835 2035 954 2117 quidem
983 2037 1145 2117 spectantia
1173 2037 1236 2114 ius,
1270 2035 1324 2100 sed
1351 2035 1460 2098 nullius

225 2167 346 2229 prorsus
361 2149 519 2228 momenti,
542 2155 643 2210 cetera
659 2148 756 2210 omnia
771 2165 863 2209 vacua
879 2153 955 2208 sunt.
988 2145 1033 2208 Ex
1051 2146 1344 2209 membranaceorum
1359 2153 1458 2209 autem

226 2275 350 2340 numero
372 2266 403 2321 ut
423 2257 505 2340 plura
527 2257 611 2339 quasi
632 2257 758 2334 reiicias,
780 2273 854 2337 opus
876 2262 931 2320 est.
966 2253 1079 2318 Etenim
1101 2255 1151 2317 fol.
1166 2257 1194 2329 l,
1217 2257 1247 2318 in
1270 2273 1329 2337 quo
1343 2255 1460 2336 glossa-

225 2375 321 2432 torum
343 2367 438 2450 siglae
458 2366 604 2449 quaedam
632 2366 748 2448 aliaque
776 2366 935 2428 verborum
957 2364 1132 2446 compendia
1153 2373 1351 2428 recensentur
1371 2372 1461 2446 atque

227 2478 418 2560 explicantur,
442 2477 550 2540 ceteris
571 2495 640 2540 esse
661 2477 826 2558 posteriore
848 2483 982 2555 tempore
997 2475 1201 2557 praeligatum,
1224 2482 1285 2537 tum
1300 2475 1364 2556 ipsa
1379 2492 1461 2537 corn-

226 2606 304 2670 pago
326 2587 424 2667 docet,
446 2594 506 2649 turn
527 2587 689 2668 scripturae
703 2585 812 2666 forma,
835 2604 922 2667 quam
937 2584 1004 2649 Sec.
1017 2585 1094 2647 XlV.
1112 2585 1158 2648 vel
1173 2585 1236 2648 XV.
1252 2603 1321 2648 esse
1335 2592 1459 2666 putave-

225 2699 294 2780 rim3
318 2715 394 2779 quae
408 2714 480 2760 vero
495 2715 574 2759 nunc
587 2695 639 2758 Nr.
650 2695 679 2762 b.
695 2696 715 2763 8
730 2703 760 2760 et
776 2698 812 2761 ll
836 2697 952 2778 signata
967 2695 1066 2775 vides,
1089 2713 1149 2757 non
1169 2702 1228 2757 torn
1250 2697 1366 2777 integra
1387 2695 1459 2758 lolia

225 2816 301 2886 sunt,
324 2825 410 2888 quam
433 2807 669 2870 membranarum
689 2806 832 2887 reliquiae
855 2813 884 2868 et
898 2804 1068 2884 schedulae,
1091 2804 1254 2886 quosquis,
1275 2823 1342 2867 cum
1356 2805 1459 2868 itidem

226 2935 359 2982 summae
381 2916 572 2981 decretalium
593 2915 749 2998 particulas
771 2914 912 2996 quasdam
935 2914 1129 2992 continerent,
1153 2921 1257 2994 postea
1278 2932 1345 2978 eam
1363 2913 1459 2978 solam

227 3027 265 3091 ob
288 3045 422 3106 causam,
452 3045 491 3089 ne
516 3026 700 3108 deperditum
721 3025 816 3104 irent,
845 3023 970 3088 diversis
998 3023 1130 3104 opusculi
1157 3021 1331 3086 Beruardini
1360 3025 1460 3103 titulis,

222 3137 295 3201 licet
315 3156 375 3200 non
403 3155 507 3200 omnes
537 3154 671 3218 congruo
693 3136 777 3216 loco,
807 3134 987 3198 adiiciendas
1016 3141 1046 3196 et
1073 3133 1323 3214 compaginandos
1344 3133 1463 3197 videtur

226 3265 347 3311 curasse
362 3247 415 3324 ⁸⁸).
459 3247 541 3320 Quae
571 3246 608 3309 od
635 3253 766 3310 nostram
793 3263 937 3308 summam
959 3243 1107 3325 pertinent
1127 3241 1197 3306 lolia
1219 3244 1352 3324 integra,
1374 3233 1461 3306 binas

225 3357 365 3421 exhibent
387 3357 556 3430 columnas,
586 3374 690 3418 omnes
711 3355 753 3421 34
774 3354 935 3433 linearum,
965 3371 1024 3416 una
1044 3358 1184 3433 excepta,
1206 3352 1237 3413 in
1259 3371 1315 3433 qua
1336 3361 1461 3435 propter

225 3465 414 3530 membranae
435 3466 668 3528 decurtationem
690 3464 731 3531 33
751 3471 861 3526 tantum
883 3463 968 3526 lineis
992 3462 1075 3524 locus
1099 3467 1163 3524 erat
1182 3460 1322 3543 reliquus.
1366 3462 1460 3527 Litte-

223 3595 321 3640 rarum
341 3594 401 3639 non
423 3573 528 3640 eadem
551 3575 668 3656 quidem
690 3575 721 3637 in
741 3573 877 3636 omnihus
895 3573 1010 3655 paginis
1026 3579 1071 3634 est
1086 3571 1215 3634 densitas
1231 3579 1261 3634 et
1275 3573 1459 3653 magnitudo,

225 3686 280 3752 sed
301 3693 379 3750 tauta
400 3685 574 3764 similitudo,
603 3691 635 3746 ut
662 3683 698 3746 ab
726 3683 831 3746 eadem
859 3700 948 3745 manu
972 3688 1063 3744 totum
1085 3681 1190 3744 librum
1213 3699 1282 3746 esse
1303 3689 1459 3746 exaratum

258 3973 294 4038 ⁸⁸)
312 3971 388 4036 Quae
407 3975 434 4025 in
452 3972 498 4024 iol.
518 3970 534 4027 5
554 3969 615 4026 et8
639 3975 793 4035 occurrunt,
818 3970 887 4020 inter
911 3984 940 4020 se
964 3968 1073 4034 quidem
1098 3968 1256 4033 cohaerent,
1281 3983 1331 4021 nec
1355 3973 1459 4034 tamen,
1541 3961 1542 3974 ¹

310 4077 370 4113 cum
390 4059 419 4109 de
436 4058 531 4109 indiciis
551 4064 676 4122 tractent,
697 4055 730 4108 ad
748 4055 854 4108 titulum
874 4071 994 4107 summae
1013 4055 1046 4108 de
1064 4057 1180 4122 bigamis
1200 4055 1264 4120 poni
1282 4054 1458 4118 debuisseut;
1541 4105 1542 4114 ἒ

310 4163 389 4198 suurn
405 4163 469 4199 vero
488 4145 577 4197 locum
596 4146 777 4210 obtinuerunt,
796 4159 864 4210 quae
882 4142 928 4194 fol.
948 4143 977 4196 11
997 4142 1101 4194 additae
1122 4147 1184 4194 sunt
1200 4141 1280 4193 binae
1300 4141 1458 4209 schedulae,

311 4239 401 4300 utpote
414 4233 448 4284 ad
460 4234 498 4284 tit
512 4232 544 4284 de
557 4233 614 4296 loro
629 4232 790 4298 competenti
809 4236 834 4282 et
852 4229 885 4281 de
904 4228 1038 4282 oblatione
1057 4227 1143 4281 libelli
1163 4228 1337 4295 pertinentes.
1368 4225 1455 4280 Cuius

310 4321 465 4374 summistae
485 4321 552 4384 sint,
573 4335 633 4370 curn
653 4334 741 4384 neque
759 4315 888 4370 Bernardi
905 4315 1061 4368 Parmensis
1079 4330 1167 4380 neque
1186 4313 1306 4366 Goffredi
1325 4316 1400 4375 [nam
1422 4314 1457 4365 ad

308 4407 498 4474 Gregoriauam
520 4404 706 4458 collectionem
724 4405 790 4455 istas
810 4403 938 4468 reliquias
957 4417 1018 4453 esse
1037 4401 1202 4467 referendas,
1227 4403 1292 4455 satis
1311 4401 1390 4454 docet
1409 4401 1454 4453 de·

307 4493 444 4546 cretalium
463 4490 594 4555 laudatio)
612 4506 732 4544 summas
751 4491 779 4542 in
800 4495 906 4558 promtu
924 4488 1052 4556 habeam,
1076 4490 1105 4542 in
1122 4489 1250 4556 ambiguo
1268 4485 1336 4538 mihi
1354 4492 1396 4540 est
1416 4503 1454 4541 re·

307 4577 497 4646 linquendum.
