3098 5184
242 185 263 249 8
527 187 724 244 BERNARDI
746 187 886 246 SUMMA
908 187 1194 246 DECRETALIUM.

243 371 366 450 potest,
400 363 460 428 nisi
482 363 682 428 accusatione
703 363 865 450 proposita
893 371 923 428 et
951 363 1061 429 ordine
1088 362 1252 428 iudiciario
1272 361 1399 440 habito,
1436 383 1476 426 ar.

244 472 299 538 Di.
314 471 450 538 XXIII.
471 479 558 538 Illud
579 478 618 554 (o.
635 473 677 552 5).
707 510 747 522 —
799 473 867 552 §5-
909 472 1005 538 Hanc
1034 482 1139 538 autem
1166 480 1355 560 potestatem
1383 469 1478 536 habet

245 582 381 662 electus,
404 583 494 668 quia,
517 583 593 648 dum
608 585 646 664 ²³)
670 582 826 670 approbat
847 583 938 664 ἅθ’)
960 605 994 648 se
1015 582 1134 648 laetam
1155 583 1356 661 electionem,
1378 581 1480 647 eoele-

246 693 311 759 siae
326 695 364 774 ²⁵)
387 717 523 782 sponsus
545 694 681 760 efficitur
701 703 829 780 propter
849 702 995 758 mutuum
1016 714 1221 771 consensum,
1250 693 1334 758 uude
1363 692 1479 758 electo-

246 802 332 870 ribus
355 803 550 870 cessantibus
572 804 640 890 ipse
662 813 766 891 potest
787 813 894 890 petere
916 803 1199 881 confirmationem,
1230 802 1392 868 adinstar
1414 802 1480 868 eius

247 913 333 999 quod
353 911 487 978 habetur
509 913 547 980 Ο.
562 913 655 980 VIII.
678 915 766 998 qu.3
788 919 935 980 artaldus
959 917 999 993 (c.
1013 916 1063 995 2);
1091 912 1233 978 nondum
1261 933 1336 976 vero
1365 910 1481 976 coufir-

247 993 352 1090 metus
374 1046 439 1089 non
457 1023 553 1090 habet
568 1024 607 1105 ²⁶)
629 1023 849 1110 temporalium
870 1023 921 1088 vel
944 1023 1154 1110 spiritualium
1179 1021 1483 1088 administrationem

248 1158 292 1200 ar.
307 1133 391 1200 infra
404 1134 473 1200 eod.
488 1139 574 1198 Nosti
590 1137 694 1216 (c.18;
710 1171 729 1183 -
744 1131 801 1200 Gr.
817 1154 843 1197 c.
859 1136 888 1200 9.
904 1133 930 1197 1.
946 1136 977 1213 6)
993 1140 1130 1215 Manum
1146 1135 1256 1212 (e.19;
1272 1167 1290 1183 ·
1307 1130 1363 1198 Gr.
1378 1155 1411 1196 n.
1426 1121 1482 1219 fa),

249 1245 306 1310 sed
326 1253 399 1330 post
420 1243 689 1309 confirmationem
709 1241 807 1308 habet
828 1252 994 1328 utramque
1009 1246 1058 1322 ”),
1082 1265 1125 1308 ar.
1148 1242 1266 1308 eisdem
1281 1241 1428 1329 capitulis
1442 1243 1482 1322 ²⁸)

250 1363 281 1420 et
291 1354 346 1419 Di.
356 1353 492 1419 XXIII.
507 1359 546 1418 Ia
559 1362 682 1418 nomiae
695 1359 812 1417 domini
827 1357 867 1433 (o.
879 1358 919 1436 1).
935 1387 975 1400 -
1011 1359 1030 1431 ὅ
1046 1354 1075 1420 6.
1096 1352 1314 1418 Iuramentum
1328 1353 1484 1433 autem²⁹)

250 1464 389 1551 exigitur
409 1462 449 1529 ab
478 1485 516 1528 eo
544 1463 639 1528 etiam
668 1470 740 1528 ante
770 1461 1056 1542 confirmationem,
1084 1484 1124 1527 ne
1153 1462 1304 1549 dilapidet
1331 1461 1485 1526 eeclesiae

250 1574 348 1652 bona,
371 1573 398 1639 si
419 1583 525 1640 tamen
548 1583 596 1638 est
616 1574 650 1638 in
671 1595 708 1638 eo
730 1595 828 1638 causa
848 1572 1045 1659 suspicionis,
1067 1582 1103 1636 ut
1125 1595 1169 1638 ar.
1183 1571 1238 1638 Di.
1250 1571 1416 1638 XXVIII.
1439 1577 1487 1637 De

250 1689 464 1766 Syracusanae
484 1685 610 1764 (c.13);
638 1692 711 1770 post
739 1683 1008 1748 consecrationem
1036 1694 1142 1748 autem
1163 1681 1203 1748 ab
1225 1704 1263 1747 eo
1286 1692 1487 1748 consecrator

249 1792 407 1859 fidelitatis
430 1793 528 1881 exigit
542 1793 762 1872 iuramentum,
777 1803 813 1858 ut
826 1793 911 1858 infra
925 1793 994 1859 eod.
1010 1813 1037 1858 e.
1053 1793 1245 1880 antepenult.
1260 1801 1293 1858 et
1305 1791 1426 1879 penult.
1444 1794 1484 1872 ³⁰)

252 1909 292 1988 (o.
304 1906 346 1972 20
360 1913 392 1969 et
405 1906 462 1982 213
485 1940 504 1954 -
527 1902 584 1970 Gr.
606 1906 715 1970 edet
729 1906 758 1971 5.
780 1903 825 1968 II.
841 1906 905 1984 24).

338 2011 431 2096 Quae
463 2021 568 2078 autem
602 2013 654 2078 hic
685 2013 790 2078 minus
822 2013 984 2092 dicuutur,
1016 2013 1050 2078 in
1081 2013 1238 2080 summula
1254 2014 1293 2096 ³¹)
1322 2035 1418 2099 quem
1447 2011 1486 2077 de

253 2123 407 2191 electione
427 2123 561 2189 lecimus
581 2123 705 2210 plenius
727 2123 940 2189 inveniuntur.

754 2405 926 2490 'lllllllld
953 2405 991 2492 l.

664 2580 712 2639 lte
742 2581 1079 2641 renuntiatlone.

340 2751 502 2836 Quoniam
523 2775 562 2820 ea
582 2776 664 2840 quae
683 2777 741 2842 per
761 2754 946 2822 electionem
968 2755 1173 2841 acquiruntur
1192 2755 1424 2820 renuntiatione
1440 2755 1490 2820 vel

255 2863 373 2930 iudicio
403 2865 603 2944 amittuntur,
640 2875 672 2930 et
699 2866 890 2932 renuntiatio
920 2875 968 2932 est
1002 2865 1189 2944 voluntatis,
1225 2865 1379 2930 iudicium
1414 2887 1488 2930 vero

256 2974 451 3040 necessitatis
467 2977 507 3055 ¹),
534 2983 620 3040 reete
633 2978 659 3058 ’)
687 2985 761 3062 post
788 2983 957 3040 tractatum
982 2974 1143 3040 electionis
1165 2983 1317 3042 tractatur
1330 2977 1356 3057 ³)
1379 2975 1419 3040 de
1441 2996 1489 3040 re-

256 3084 469 3163 nuntiatione,
505 3085 580 3170 quia
614 3084 766 3169 quicquid
801 3085 973 3170 acquiritur
1008 3094 1055 3150 est
1090 3083 1270 3150 amissibile.
1316 3084 1489 3151 Videamus

257 3195 355 3282 igitur
368 3195 412 3277 ⁴),
436 3194 512 3282 quid
531 3195 572 3260 sit
592 3195 800 3274 renuntiatio,
830 3195 901 3280 quis
922 3195 1102 3260 renuntiare
1122 3195 1238 3280 possit,
1267 3195 1319 3260 oui
1333 3195 1358 3275 ὁ)
1380 3195 1423 3260 sit
1443 3193 1491 3260 fa-

257 3305 385 3383 cienda,
408 3326 491 3390 quae
509 3304 681 3370 renuntiari
699 3305 824 3390 possint
837 3306 879 3386 ⁶),
903 3306 973 3390 quis
995 3305 1063 3370 eius
1085 3303 1226 3370 effeetus.

342 3420 362 3493 ξ
375 3418 402 3480 1.
423 3413 627 3480 Renuntiatio
639 3423 688 3479 est
701 3415 777 3480 iuris
791 3415 911 3501 proprii
925 3424 1100 3502 spontanea
1113 3413 1271 3480 refutatio.
1283 3451 1324 3462 -
1346 3414 1407 3493 52.
1428 3413 1493 3480 Re-

259 3523 404 3588 nuntiare
424 3532 530 3610 potest
549 3524 593 3602 is,
616 3524 672 3608 qui
690 3524 740 3588 ius
761 3522 857 3588 habet
877 3524 929 3589 vel
958 3524 1082 3590 videtur
1107 3523 1240 3602 habere,
1269 3523 1345 3610 quia
1371 3523 1494 3589 licitum

261 3642 309 3699 est
338 3633 452 3719 cuique
479 3633 541 3699 iuri
568 3656 626 3699 suo
647 3633 841 3714 renuntiare,
869 3643 906 3698 ut
926 3656 970 3699 ar.
991 3635 1047 3699 Di.
1061 3634 1154 3702 VIII.
1177 3641 1243 3718 Quo
1263 3641 1329 3700 tare
1351 3638 1390 3714 (e
1408 3641 1439 3714 1)
1464 3645 1495 3698 et

263 3742 302 3810 O.
316 3742 393 3809 VII.
415 3749 499 3828 qu.l
527 3749 625 3828 Quam
645 3749 846 3826 periculosam
870 3749 908 3826 (a.
923 3746 967 3823 8),
990 3750 1127 3829 Qualiter
1150 3750 1190 3824 (c.
1207 3747 1276 3825 13),
1297 3753 1328 3809 et
1350 3743 1431 3811 Cod.
1455 3744 1495 3809 de

261 3852 363 3940 pactis
385 3857 421 3918 St
447 3859 513 3935 qais
539 3860 573 3917 ta
600 3857 811 3920 commeando
840 3853 893 3936 (L.
908 3855 972 3936 29).
994 3891 1036 3903 -
1078 3856 1143 3934 §3.
1184 3854 1245 3920 Est
1266 3863 1373 3920 autem
1393 3854 1424 3920 ei
1444 3854 1496 3919 fa-

261 4119 297 4184 ¹³)
309 4117 375 4185 Pa,
394 4119 416 4171 si
436 4124 506 4174 recte
524 4120 584 4186 ipse
601 4119 723 4187 legerim,
743 4135 812 4185 quae
831 4120 967 4173 adnotavit
985 4119 1068 4186 filius,
1085 4119 1167 4174 habet
1184 4119 1229 4171 doe
1247 4120 1291 4174 vel
1305 4119 1365 4182 (ἕως
1381 4121 1497 4176 sortasse

261 4187 407 4254 legendum
422 4190 481 4253 erit,
495 4197 540 4242 ant
553 4191 681 4254 scriptum
694 4197 735 4244 est
747 4189 829 4240 donec.
883 4189 918 4252 ²⁴)
937 4188 1031 4246 Mad
1049 4205 1116 4241 aaa.
1160 4189 1195 4252 ²⁵)
1214 4189 1496 4246 Mo.2imeoeleaiae.

191 4247 207 4268 '
263 4256 299 4322 ¹⁸)
317 4256 472 4312 ido-daea
486 4267 567 4324 potest
583 4276 709 4324 mamare.
761 4260 796 4324 fl)
814 4257 870 4311 Ha.
889 4268 1021 4324 atrumque.
1074 4259 1109 4322 ¹⁸)
1128 4255 1174 4312 Sic
1192 4276 1287 4312 omnes
1305 4258 1402 4323 eodo,
1421 4277 1496 4326 prae-

263 4325 413 4384 terMo.2
433 4329 479 4380 ubi
504 4328 616 4395 legitur:
640 4327 1047 4394 uvamqueatDIXXHleoe.
1108 4327 1143 4394 ὓ)
1162 4329 1212 4382 Vi.
1231 4346 1294 4382 aero.
1339 4327 1495 4395 ⁸⁶)Li.ad

264 4413 286 4449 e.
300 4396 393 4464 pmult.
412 4413 466 4450 non
485 4399 603 4450 remittit.
657 4398 692 4464 Ἰ)
710 4397 767 4452 Ha.
786 4405 813 4452 et
830 4397 922 4454 Mas
940 4415 1039 4449 marma.

337 4482 385 4536 Tu.
403 4482 429 4536 5.
446 4513 481 4524 -
517 4483 540 4548 ¹)
560 4483 616 4537 Ηι.
641 4491 668 4538 et
690 4483 799 4553 ido-³,
822 4486 924 4538 omisso
948 4495 995 4550 est,
1021 4487 1123 4540 habent
1149 4485 1334 4537 mundaum
1351 4493 1378 4540 et
1394 4485 1495 4537 iudicio.

264 4551 546 4620 ²)DeestinMo.2·
593 4553 794 4621 ‘tharacas
841 4553 865 4620 ⁴)
884 4553 1094 4612 Mo.2omittit.
1143 4554 1332 4622 aeaeae
1372 4552 1495 4622 ‘JMod
