3098 5184
168 1023 374 1164 llllllll
415 1021 721 1164 llldllllll
755 1024 1143 1166 lltlltltt

125 1439 234 1507 Gloria
265 1441 362 1527 patris
391 1449 439 1506 est
470 1441 553 1506 filius
584 1442 711 1527 sapiens
726 1445 769 1522 ²),
801 1441 963 1528 profectus
996 1442 1142 1530 discipuli
1171 1442 1274 1529 gloria

53 1550 190 1634 magistri,
215 1551 270 1635 qui
291 1573 356 1616 non
375 1550 538 1617 lucernam
559 1551 719 1618 doctrinae
735 1551 837 1617 celare
852 1552 911 1618 sub
926 1552 1033 1618 modio
1046 1555 1084 1634 ³),
1105 1576 1169 1618 non
1185 1553 1274 1620 verbi

53 1657 233 1725 frumentum
261 1659 471 1740 abscondere,
503 1683 567 1728 non
597 1661 718 1728 fontem
744 1661 894 1728 scientiae
922 1661 1143 1745 obstrueret),
1176 1664 1233 1730 sed
1248 1667 1273 1746 5)

53 1767 124 1834 forus
138 1772 163 1849 6)
186 1769 283 1836 debet
297 1775 321 1850 ⁷)
345 1771 413 1838 aliis
436 1771 629 1852 derivaret).
662 1771 735 1836 Hac
750 1771 859 1858 utiquc
874 1774 899 1855 9)
922 1773 1173 1840 consideratione
1188 1795 1226 1840 ac
1237 1777 1273 1855 ¹⁰)

54 1878 247 1946 scholasticae
268 1881 411 1948 utilitatis
433 1883 537 1970 gratia
557 1883 738 1970 compulsus
755 1887 792 1964 ¹¹)
816 1905 876 1970 ego
897 1884 936 1950 B.
950 1889 1005 1966 ¹²),
1028 1885 1083 1970 qui
1104 1883 1275 1950 decretales

54 1997 78 2050 et
101 1991 341 2078 extravagantia
368 1993 552 2078 compilavi,
586 2003 662 2058 tunc
688 1993 887 2080 praepositus
916 1993 1098 2080 Pupiensis,
1131 2014 1215 2058 nuno
1238 1994 1275 2072 13)

53 2095 236 2166 Faventinus
257 2101 424 2189 episcopus
445 2102 519 2168 licet
538 2103 688 2190 indignus
701 2105 754 2186 ¹⁴),
777 2127 872 2190 super
892 2105 1005 2171 eodem
1022 2103 1174 2190 opusculo
1190 2125 1276 2169 sum·

110 2310 130 2376 ¹)
154 2309 268 2377 Variae,
287 2313 325 2363 uti
345 2311 460 2379 assolet,
478 2313 507 2364 in
526 2309 610 2364 codd.
630 2320 773 2366 occurrunt
792 2313 852 2366 libri
871 2315 1069 2376 inscriptiones.
1105 2309 1278 2366 Helensis

54 2381 112 2432 enim
129 2381 199 2433 hanc
219 2381 328 2433 exhibet
351 2382 570 2448 inscriptionem:
597 2379 690 2447 Incipit
712 2401 803 2433 summo
825 2382 937 2448 mopietra'
952 2380 987 2433 B.
1011 2397 1083 2447 super
1106 2379 1278 2446 decretalibus5

54 2446 417 2503 Menace-Patavinus
443 2449 555 2515 (Mul)
573 2453 612 2504 sic
638 2454 806 2506 inscribitur:
837 2451 1036 2517 loupitsumma
1052 2449 1087 2501 B.
1106 2453 1213 2517 episcopi
1228 2451 1279 2502 Fo-

51 2519 128 2570 vatim
142 2537 218 2586 super
236 2519 393 2570 decretalibus
411 2519 441 2568 ab
460 2537 487 2569 eo
505 2521 652 2585 compositis,
673 2523 822 2588 eademque
840 2523 935 2586 verba,
955 2522 1007 2574 nisi
1028 2521 1101 2588 quod
1119 2539 1167 2588 pro
1185 2538 1278 2587 compo-

51 2588 95 2638 sitis
114 2592 244 2656 scripturn
269 2597 310 2642 est
332 2588 479 2654 compilatis,
507 2592 607 2642 tamin
626 2591 1138 2644 Monaco-Benedictoburano
1157 2590 1279 2658 (mot),

53 2672 121 2720 quam
134 2658 202 2712 Vin
212 2659 302 2712 dubo
312 2661 414 2710 nensi
434 2667 460 2711 et
473 2657 644 2714 Vaticano
663 2661 743 2713 obvia
755 2668 826 2728 sunt,
845 2677 958 2728 quorum
973 2669 1061 2712 tamen
1075 2661 1121 2714 ille
1134 2676 1162 2709 eo
1175 2661 1292 2727 omittit,¹

52 2727 107 2778 alter
124 2728 237 2794 plenum
257 2727 386 2780 Bernardi
413 2744 512 2781 nomen
537 2729 658 2792 exhibet;
687 2729 909 2782 Parisiensis
934 2731 1003 2783 hanc
1027 2730 1107 2782 habet
1132 2730 1279 2782 rubricam:

51 2793 129 2861 Incipit
145 2815 240 2848 summu
256 2796 291 2849 B.
308 2796 438 2862 Pupienus
454 2815 527 2866 super
544 2798 652 2864 capitulo
669 2801 894 2866 corrumpentium
920 2799 1065 2852 Monaco
1075 2830 1085 2840 -
1095 2797 1241 2852 Windbe
1251 2817 1278 2850 r-

53 2869 166 2932 gensis
186 2867 264 2930 (Mo.
278 2866 307 2928 3)
327 2867 401 2920 omni
422 2873 493 2922 caret
516 2869 705 2934 inscriptione,
730 2869 855 2936 idemque
874 2869 907 2922 de
925 2865 1109 2935 Lipsiensi
1136 2867 1279 2922 dicendum

51 2943 98 3000 est,
115 2938 217 3003 quippe
236 2939 265 2988 in
285 2953 338 3003 quo
356 2937 424 2989 haec
441 2939 537 2991 verba:
557 2937 650 2988 libellus
667 2947 737 2989 erma
755 2949 886 3005 vopuntum
904 2956 920 2988 a
937 2938 1024 2988 maiori
1036 2947 1109 3003 porte
1127 2937 1279 2988 decretalium

50 3021 77 3055 ex
93 3007 230 3072 prooemio
251 3009 306 3058 sint
324 3007 465 3060 recentiori
484 3025 565 3060 manu
585 3009 712 3060 translata
729 3011 883 3068 etadiecta.
921 3007 981 3071 Qua
995 3009 1024 3060 in
1042 3009 1168 3060 varietate
1187 3007 1281 3059 inscri-

51 3076 162 3140 ptionum
183 3093 233 3142 eo,
258 3091 337 3142 quem
356 3077 448 3143 vides,
472 3078 617 3131 editionem
642 3087 760 3130 nostram
780 3080 909 3145 insignire
932 3077 1033 3144 placuit
1051 3075 1142 3141 titulo;
1162 3083 1280 3130 ceterum

50 3159 97 3194 non
119 3152 172 3196 tam
199 3161 231 3197 ex
256 3152 414 3198 statutorum
434 3146 650 3200 Bononiensium
670 3148 721 3201 c'i
739 3147 769 3197 de
787 3147 949 3198 taxationibus
963 3145 1086 3210 periurum
1105 3155 1128 3194 et
1144 3146 1281 3210 quintamq-

50 3229 95 3261 mm
111 3216 155 3276 (cl.
175 3213 300 3282 Ssvigny
319 3215 419 3269 Gescb.
435 3216 461 3268 d.
475 3215 552 3270 Rom.
565 3215 665 3268 Rechts
683 3218 718 3267 im
733 3215 816 3268 Ma,
835 3217 912 3268 Tom.
925 3215 975 3267 lll.
995 3233 1021 3282 p.
1036 3214 1098 3280 600)
1118 3217 1281 3282 auctoritate,

51 3298 103 3334 cum
125 3299 197 3350 quae
216 3284 255 3336 ibi
274 3294 428 3338 recensetur
441 3283 540 3336 Summa
552 3285 664 3351 mopistri
673 3283 805 3350 Ber-nardi,
829 3293 916 3338 utrum
936 3285 970 3336 ad
987 3292 1108 3338 nostrum
1124 3301 1156 3336 an
1170 3283 1204 3336 ad
1217 3283 1280 3336 Pur·

51 3367 163 3404 mensem
194 3355 229 3404 sit
252 3355 391 3406 referenda
413 3353 595 3421 Bernardum,
625 3354 703 3407 valde
728 3357 921 3420 dubitaverim,
950 3370 1029 3422 quam
1054 3353 1088 3406 ad
1111 3353 1280 3406 Halensis

52 3421 142 3473 codicis
168 3422 267 3486 fidem,
291 3426 370 3476 cuius
387 3425 416 3476 in
434 3426 487 3476 line
505 3425 572 3476 haec
591 3431 655 3476 sunt
675 3441 691 3476 a
709 3427 849 3476 ministare
872 3424 975 3476 addita:
999 3422 1109 3488 Explicit
1123 3427 1214 3473 summ
1231 3439 1282 3472 mo-

51 3489 116 3552 pirtn'
132 3489 269 3543 Bernardi.
334 3492 357 3555 ²)
375 3491 497 3546 Joannes
517 3493 651 3559 Andreae,
670 3510 749 3560 quem
768 3493 833 3546 Ant·
850 3495 1022 3560 Augustinus
1042 3500 1067 3544 et
1079 3492 1123 3545 Jo.
1136 3491 1282 3545 Douiatius

53 3562 130 3610 secuti
149 3577 213 3614 esse
231 3560 371 3628 videntur,
390 3564 417 3614 in
437 3563 518 3614 addit.
540 3562 573 3614 ad
592 3561 666 3616 Guil.
682 3563 807 3616 Durandi
827 3564 967 3628 speculum
985 3564 1052 3614 iuris
1071 3564 1099 3614 in
1117 3579 1237 3629 prooem.
1256 3579 1282 3614 v.

52 3623 171 3680 nram.
192 3630 245 3682 hoc
258 3647 318 3684 esse
332 3631 514 3684 Bernardinae
533 3648 655 3686 summae
673 3633 769 3685 asserit
787 3634 906 3684 initium:
927 3629 1056 3698 Refertur
1073 3631 1186 3698 discipuli
1200 3631 1282 3698 pluria
1350 3642 1353 3651 ·

51 3699 163 3763 nepoti.
200 3699 300 3752 Atvero
324 3701 400 3753 hisce
426 3702 517 3754 verbis
541 3701 603 3753 libri
628 3703 817 3770 manuscripti,
843 3719 898 3755 uno
918 3701 1058 3768 Lipsiensi
1082 3708 1206 3768 excepto,
1232 3703 1283 3752 ista

53 3770 220 3830 praemittunt
243 3785 353 3836 omnes,
378 3786 446 3837 quae
470 3787 504 3822 an
528 3771 595 3822 forte
620 3774 678 3824 eius
703 3772 828 3824 librarius
854 3771 979 3824 consulto
1001 3771 1120 3823 omiserit
1138 3772 1284 3823 miniatori-

54 3850 99 3900 que
114 3836 268 3906 supplenda
281 3839 432 3905 reliquerit,
451 3855 539 3906 neque
553 3840 683 3892 affirmare
698 3843 784 3892 ausim
800 3857 888 3905 neque
902 3857 1009 3907 negare.
1047 3837 1170 3892 Ceterum
1186 3843 1214 3892 in
1229 3838 1282 3892 Pa.

53 3915 84 3954 at
100 3907 197 3959 deesse
216 3907 279 3960 nolo
298 3909 416 3962 reticere.
477 3908 500 3970 ³)
526 3906 585 3960 Ha.
603 3910 647 3960 sub
665 3911 742 3960 modio
760 3911 883 3960 doctrinae
903 3909 995 3974 caure,
1023 3909 1072 3962 sed
1090 3911 1201 3973 vitiose;
1231 3907 1283 3960 Vi.

55 3978 143 4028 omittit
155 3975 242 4040 celare,
256 3975 437 4032 Mo.3hsbet
447 3978 516 4030 dore.
551 3977 676 4042 4)Μο,2
692 3980 750 4042 obs,
764 3980 877 4046 spatiolo
891 3996 976 4032 vacuo
991 3979 1091 4032 relicto.
1127 3977 1284 4041 quasit

54 4039 74 4104 ⁶)
90 4043 119 4097 ln
141 4045 227 4100 Mul
246 4045 300 4102 et2
318 4063 455 4114 perperam
468 4047 546 4113 suris.
617 4047 640 4112 7)
660 4048 752 4104 Μο.3
771 4051 881 4115 omittit;
906 4051 934 4101 in
954 4047 1010 4100 Va.
1033 4047 1105 4097 debeo
1129 4048 1199 4116 legi,
1225 4047 1286 4100 Sar·

55 4113 100 4165 tius
119 4121 286 4180 auctorest,
310 4131 391 4182 quem
410 4123 499 4169 tamen
518 4124 572 4168 tam
590 4117 649 4184 hio,
678 4135 758 4185 quam
784 4135 881 4185 supra,
905 4119 952 4171 ubi
977 4118 1036 4184 quio
1059 4133 1107 4185 pro
1132 4119 1223 4183 quiin
1243 4133 1285 4170 co-

55 4179 106 4234 dice
123 4186 176 4236 isto
196 4200 334 4238 occurrere
352 4187 445 4252 refert,
464 4187 553 4238 minus
568 4194 637 4239 recte
651 4188 751 4254 legisse
765 4189 922 4256 putaverim.
976 4188 1000 4253 8)
1017 4187 1062 4239 Sic
1075 4203 1169 4240 omnes
1202 4193 1287 4240 raeter

56 4247 118 4317 Pa,
137 4256 217 4306 cuius
237 4255 350 4320 scriptor
367 4255 503 4306 mirabare
521 4255 550 4305 de
567 4256 619 4306 rivo
638 4273 687 4309 sno
701 4265 782 4310 marte
795 4258 968 4310 substituisse
981 4258 1095 4309 videtur.
1140 4256 1163 4321 9)
1177 4205 1287 4310 lraeter

56 4316 105 4371 llo.
116 4322 138 4388 1,
158 4321 208 4373 Vi.
228 4330 307 4388 atque
326 4321 397 4392 Va,
416 4341 485 4390 quos
505 4327 653 4392 sequimur,
671 4343 766 4379 omnes
784 4327 889 4379 codices
908 4327 1009 4380 habent
1031 4326 1125 4391 itaque,
1151 4327 1199 4379 sed
1224 4341 1284 4378 meo

58 4389 158 4452 quidem
174 4391 278 4458 judicio
303 4393 393 4444 minus
418 4395 498 4447 bene.
554 4395 587 4459 ¹⁰)
607 4393 700 4452 Mo.2
717 4395 770 4448 boo.
831 4396 864 4459 ¹¹)
884 4395 916 4448 In
935 4395 989 4448 Pa.
1010 4396 1144 4460 campobus
1163 4401 1215 4448 tam
1233 4395 1285 4448 hoe

57 4455 108 4510 loco
127 4476 209 4527 quam
228 4467 290 4527 post
307 4462 496 4514 cmsiderutione
514 4465 637 4517 occurrit.
698 4465 731 4530 ¹²)
756 4463 832 4517 Licet
850 4467 877 4516 in
897 4465 955 4517 solo
974 4464 1023 4518 Li.
1043 4468 1159 4520 auctoris
1185 4479 1285 4517 nomen

23 4549 24 4554 κ
57 4524 101 4580 hoc
123 4529 205 4582 modo
229 4530 375 4584 indicatum
402 4533 450 4600 sit,
483 4534 517 4587 ob
547 4534 648 4588 codicis
675 4540 787 4588 aetatem
810 4535 893 4588 verba
915 4537 967 4588 ista
990 4535 1019 4586 in
1043 4539 1144 4588 textum
1168 4536 1287 4602 recipere

59 4609 105 4650 non
122 4597 253 4652 dubitavi.
315 4599 348 4666 ι’)
371 4599 421 4654 Li.
439 4601 513 4656 addit
530 4618 594 4656 uero.
656 4602 689 4668 ¹⁴)
707 4603 763 4658 Ista
780 4605 861 4658 verba
881 4621 913 4658 ex
926 4603 982 4656 Va.
1002 4619 1057 4656 non
1076 4606 1155 4658 relert
1173 4603 1287 4658 Sartius.

100 4695 208 4740 &num
220 4708 316 4741 summ.
626 4704 629 4712 “
1051 4702 1069 4777 1
