3062 5174
243 217 302 282 306
494 221 690 277 BERNARDI
721 219 858 278 sumita
890 219 940 275 DE
971 219 1229 312 mercimonio.

243 401 387 457 maleficia
414 402 516 469 laniet,
545 399 624 472 qnod
651 401 782 472 arguitur
807 411 844 454 ox
868 399 924 454 illo
944 413 1008 471 cap.
1031 401 1062 457 G.
1076 399 1199 460 XXXII.
1222 399 1306 474 qu.1
1329 405 1376 460 De
1398 403 1489 460 Beue-

244 500 315 553 ds'cto
337 497 375 571 (c.
390 493 433 570 5).
734 521 738 528 ·

323 597 402 651 Inter
422 596 481 652 alia
502 609 616 668 quoque
636 594 780 650 notabilia
800 593 954 648 memoriae
982 595 1110 650 occurrit
1123 590 1178 668 ⁸⁸),
1209 595 1289 665 quod
1319 597 1488 668 expoliatus

243 709 260 747 a
282 694 394 748 carnali
414 693 513 750 deltlto
534 708 590 748 non
613 692 783 758 restituitur,
804 691 830 746 si
844 685 943 760 illa⁸’)
959 691 1129 763 allegaverit
1143 706 1257 748 cansam
1279 694 1487 764 separationis.

243 791 314 844 Cum
336 789 413 846 enim
434 790 465 844 iu
488 805 576 846 causa
595 789 773 844 matrimonii
793 788 870 845 circa
890 788 1013 844 salutem
1034 791 1147 844 animae
1166 796 1295 845 vertatur
1309 791 1486 861 pericnlum,

243 887 331 942 tutius
353 893 411 955 est,
437 885 490 942 ubi
510 888 583 942 alter
603 902 700 942 eorum
723 900 838 940 causam
859 885 1049 954 separationis
1069 885 1255 958 allegaverit,
1283 887 1414 942 interim
1436 903 1486 944 nau

242 983 362 1040 reddere
383 982 529 1051 debitum,
551 997 587 1038 ne
608 983 656 1038 vel
675 983 829 1038 fornicatio
850 981 898 1036 vel
920 981 1096 1038 adulterium
1116 984 1162 1038 vel
1179 983 1251 1040 forta
1266 985 1404 1040 incestus
1420 986 1488 1038 inter

242 1097 291 1136 eoa
319 1097 384 1138 oum
413 1081 465 1136 tali
494 1080 673 1136 conscientia
699 1079 876 1148 intercedat,
908 1079 1034 1150 ideoque
1063 1080 1198 1138 tutiorem
1228 1087 1347 1152 partem
1380 1082 1489 1153 eligens

241 1178 364 1234 ecclesia
390 1175 536 1248 pendente
565 1192 651 1232 causa
678 1177 719 1232 eis
749 1177 856 1232 coitum
877 1175 1035 1232 interdicit.
1079 1177 1216 1248 Separata
1235 1193 1306 1234 vero
1331 1195 1350 1232 a
1372 1178 1489 1236 cohabi-

243 1275 351 1332 tatione
373 1275 477 1332 mulier
498 1281 567 1330 tunc
588 1289 702 1348 quoqne
723 1273 761 1330 ad
782 1272 1025 1330 cohabitationem
1044 1274 1213 1342 restituitur,
1236 1273 1361 1344 quando
1377 1276 1488 1332 coactio

242 1373 288 1426 vel
316 1371 397 1426 aliud
424 1371 588 1443 pericnlum
614 1371 673 1426 viri
701 1387 737 1426 ex
764 1377 845 1442 parte
873 1387 932 1426 non
960 1371 1092 1440 timetur,
1120 1377 1153 1426 ut
1180 1372 1210 1428 C.
1232 1371 1382 1428 XXXIH.
1411 1366 1489 1443 qul

240 1469 366 1524 Historia
389 1467 425 1543 (c.
440 1463 472 1539 3)
483 1467 495 1538 ς’
520 1467 636 1540 quando
664 1483 733 1523 vero
762 1469 872 1524 coactio
900 1468 949 1523 vel
973 1468 1055 1522 aliud
1076 1468 1238 1538 periculum
1259 1470 1406 1537 timetur,
1436 1485 1487 1524 non

240 1567 402 1622 restituitur
426 1568 506 1636 viro,
534 1567 623 1622 immo
645 1566 670 1620 si
692 1579 758 1620 cum
779 1579 812 1620 eo
834 1566 937 1632 luerit,
966 1565 1136 1636 parentibus
1157 1567 1287 1638 propriis
1309 1567 1484 1632 restituitur,

242 1672 274 1718 ut
296 1665 326 1720 C.
355 1663 416 1718 ead.
447 1679 495 1736 qu.
517 1663 580 1720 ead.
603 1663 666 1718 Siue
697 1657 791 1736 (cd).
835 1663 907 1718 Item
934 1661 960 1716 si
987 1662 1065 1716 inira
1090 1663 1120 1718 X
1140 1661 1202 1718 dies
1229 1672 1298 1734 post
1328 1664 1427 1718 latam
1456 1662 1485 1716 de

241 1761 425 1816 matrimonio
447 1763 618 1816 sententiam
640 1759 820 1832 appellatum
841 1775 899 1815 non
921 1759 1023 1828 luerit,
1052 1765 1146 1831 potest
1173 1767 1268 1816 tamen
1301 1760 1409 1816 adhuc
1430 1775 1484 1814 aen·

242 1859 332 1912 tentia
353 1859 500 1925 revocari,
521 1863 689 1928 propterea,
713 1857 781 1927 quia
802 1856 846 1911 ibi
867 1856 1031 1927 periculum
1052 1856 1166 1914 animae
1189 1857 1328 1924 vertitur,
1355 1865 1391 1911 ut
1410 1858 1485 1912 colli-

242 1955 318 2026 gitur
340 1971 376 2010 ex
398 1956 428 2010 C.
443 1953 564 2010 XXXV.
588 1971 636 2026 qu.
651 1947 678 2012 9.
701 1951 804 2024 §Quia
826 1951 917 2024 (Grat.
942 1951 1012 2008 dict.
1034 1952 1073 2008 ad
1093 1968 1117 2008 c.
1130 1947 1180 2025 2),
1204 1953 1282 2016 Quod
1303 1955 1372 2025 quia
1397 1955 1434 2028 (c.
1448 1949 1484 2024 3),

240 2052 413 2122 Apostolieae
436 2051 473 2124 (ο.
488 2047 538 2123 4),
559 2051 726 2106 Sententiam
749 2047 787 2123 (c.
802 2043 850 2122 6),
875 2050 965 2105 &noe
988 2048 1026 2123 (c.
1042 2045 1084 2123 7).

320 2149 474 2216 Quaeritur
489 2143 525 2219 ⁸⁰)
549 2153 653 2215 autem,
675 2149 764 2202 auin
786 2147 971 2203 matrimonio
992 2154 1077 2204 testes
1098 2147 1157 2202 sint
1177 2144 1303 2218 cogendi
1325 2145 1370 2200 ad
1393 2147 1485 2218 perhi-

239 2244 366 2300 bendum
382 2237 598 2300 testimonium)
636 2245 797 2316 Superque
812 2245 913 2315 utique
934 2244 1032 2299 variae
1051 2250 1121 2320 ¹snut
1142 2242 1294 2299 doctorum
1318 2245 1483 2316 opiniones,
1523 2311 1524 2320 χ

239 2340 448 2396 arbitrantibus
480 2339 673 2412 quibusdam,
705 2355 753 2396 eos
785 2338 890 2396 debere
919 2343 985 2414 cogi
1012 2341 1050 2397 'ab
1078 2341 1276 2397 ecclesiastico
1306 2339 1414 2396 iudice
1441 2356 1485 2411 per

240 2421 370 2510 gladiurr‘r
398 2437 594 2509 spiritualem,
627 2437 705 2509 quod
733 2452 767 2492 ea
794 2439 905 2494 ratione
933 2438 1051 2508 dieunt,
1080 2437 1151 2509 quie
1177 2439 1342 2493 mortaliter
1375 2445 1482 2509 peccat,
1523 2411 1524 2432 Χ

240 2537 291 2607 qui
313 2537 368 2591 scit
388 2537 503 2608 aliquos
531 2543 631 2592 contra
659 2549 783 2591 canones
811 2535 925 2590 iunctos
954 2542 983 2590 et
1009 2539 1100 2604 tacet,
1130 2550 1194 2589 eum
1220 2533 1348 2606 probare
1380 2543 1480 2606 posset,

241 2642 272 2688 ut
299 2633 448 2708 colligitur
476 2650 513 2688 ex
540 2635 570 2688 C.
591 2632 628 2686 Il.
659 2647 706 2704 qu.
730 2627 749 2689 7
772 2632 943 2704 Quapropter
972 2631 1009 2705 (ο
1031 2625 1083 2704 47)
1112 2647 1153 2686 ar.
1181 2646 1233 2702 per
1261 2631 1363 2687 simile
1395 2625 1434 2706 (i)
1460 2639 1483 2686 et

240 2731 270 2784 C.
286 2729 379 2784 XXII.
408 2745 455 2802 qu.
479 2725 496 2786 1
518 2729 551 2784 sa·
577 2731 638 2801 quir
658 2746 712 2799 per
740 2731 866 2800 capillum
895 2727 932 2802 (c.
955 2722 1016 2802 10).
1067 2729 1139 2784 Cum
1168 2742 1234 2800 ergo
1262 2743 1317 2798 pro
1348 2729 1481 2800 quolibet

237 2827 354 2882 mortali
374 2834 507 2896 peccato,
531 2825 686 2881 dummodo
708 2832 817 2881 constet
838 2826 994 2894 eeclesiae,
1017 2823 1122 2881 debeat
1135 2823 1199 2895 quis
1221 2826 1478 2890 excommunicari,

238 2923 296 2976 nisi
318 2923 483 2994 resipiscat,
512 2929 545 2978 ut
566 2923 597 2977 0.
612 2915 662 2976 vi
685 2917 766 2994 qui
788 2922 834 2977 lttt
853 2924 901 2995 qui
923 2919 960 2998 (ο.
976 2917 1025 2993 3),
1055 2928 1166 2977 constat
1192 2923 1263 2976 istos
1285 2919 1397 2977 debere
1418 2922 1476 2992 cogi

237 3019 275 3074 ad
297 3021 509 3088 testimonium,
530 3035 567 3075 ne
588 3017 710 3074 tacendo
731 3021 892 3076 mortaliter
911 3026 1048 3090 peccent3
1071 3018 1234 3072 consentire
1249 3018 1327 3072 enim
1343 3017 1477 3074 videntur

237 3117 376 3185 tacendo,
405 3134 459 3173 nec
474 3112 510 3190 ⁸¹)
539 3117 616 3171 velle
638 3115 764 3171 liberare
786 3117 954 3172 coniunctos
975 3115 1043 3172 illos
1065 3131 1083 3170 a
1102 3122 1193 3170 morte
1214 3114 1345 3184 animae3
1377 3115 1475 3170 contir-

237 3222 316 3269 mant
335 3216 391 3270 hoc
410 3214 488 3270 idem
510 3211 592 3269 ex‘C.
604 3213 655 3269 XI.
672 3229 720 3284 qu.
735 3207 754 3272 3
771 3211 897 3285 Quicquia
917 3223 988 3268 metu
1010 3210 1047 3286 (c.
1056 3206 1121 3288 80),
1136 3211 1234 3266 'Nolite
1248 3213 1342 3266 timere
1366 3211 1405 3285 (c.
1416 3205 1474 3283 86),

238 3317 265 3365 et
290 3313 319 3366 C.
334 3309 412 3366 XIV.
435 3305 518 3382 qn.2
540 3311 707 3383 Quamquam
736 3307 773 3382 (c.
789 3303 832 3382 2).
880 3311 944 3365 Alii
971 3326 1041 3366 vero
1070 3309 1209 3366 ecclesiae
1237 3308 1474 3364 consuetudinem

236 3409 415 3462 aemulantes
436 3409 552 3475 dicunt,
575 3423 623 3462 eos
645 3407 682 3462 ab
704 3406 900 3462 ecclesiastico
922 3405 1020 3462 iudice
1040 3421 1099 3462 non
1121 3407 1199 3478 cogi,
1222 3405 1272 3460 sed
1292 3405 1410 3460 moneri
1430 3405 1475 3460 de·

236 3502 320 3571 bere,
343 3503 422 3574 quod
443 3505 613 3560 confirment
633 3519 670 3558 ex
691 3501 805 3559 decreto
826 3503 987 3559 Alexandri
1009 3503 1062 3574 Pp.
1078 3503 1131 3558 III.
1153 3503 1241 3560 misso
1257 3503 1394 3558 Curieuai
1408 3504 1474 3574 Epi-

237 3615 341 3668 scopo,
370 3599 448 3671 quod
475 3603 518 3656 aio
544 3601 664 3673 incipit:
693 3599 758 3655 Idea
779 3603 850 3655 tuter
869 3601 938 3656 ulios
954 3595 1009 3672 ⁸¹),
1038 3599 1221 3656 confirmatur
1247 3599 1303 3656 hoc
1331 3597 1413 3656 idem
1440 3615 1474 3654 ex

238 3695 404 3752 CXXXV.
427 3693 510 3769 qud
530 3697 707 3769 Notistoamus
736 3695 773 3770 (ο.
795 3692 845 3769 3);
873 3697 912 3753 ad
941 3695 1055 3753 obiecta
1080 3711 1149 3752 vero
1176 3695 1214 3751 iia
1235 3690 1271 3766 ⁸⁸)
1300 3697 1475 3768 respondent

236 3789 381 3860 dicentes,
409 3808 457 3849 eos
479 3796 571 3850 teneri
591 3793 629 3850 ad
650 3793 860 3864 conitendum,
890 3809 948 3850 non
969 3801 1065 3850 antem
1086 3791 1124 3849 ad
1143 3795 1336 3848 iuramentum
1358 3793 1473 3850 testium

236 3887 428 3943 subeundum.
448 3959 450 3964 Ι
471 3889 550 3958 Quid
577 3906 645 3964 ergo
673 3891 837 3948 laciendum
865 3885 928 3946 esti
968 3889 1186 3947 Recurrendum
1210 3895 1253 3945 est
1272 3897 1351 3946 certe
1372 3889 1412 3944 ad
1432 3891 1473 3946 iu·
1523 3901 1524 3938 1

122 4004 126 4012 ⁴
236 3985 330 4040 dicem
352 3983 520 4054 seculorem,
542 3988 593 4058 qni
613 3990 709 4059 legum
730 3989 901 4044 auctoritate
922 4003 970 4044 eos
992 3986 1079 4043 debet
1093 4001 1194 4060 cogere
1208 3985 1245 4042 ad
1258 3985 1472 4058 perhibendum

235 4083 430 4139 testimonium
450 4083 598 4152 veritatis3
619 4085 695 4141 hanc
715 4086 888 4142 renuntiem
908 4086 999 4140 fateor
1018 4085 1050 4139 in
1071 4099 1135 4139 meo
1156 4084 1253 4139 animo
1275 4084 1382 4140 valere.

436 4181 513 4254 llaec
534 4213 585 4270 ego
606 4199 769 4259 Bernartius
790 4199 847 4256 tibi
867 4199 994 4270 paucula
1007 4193 1043 4271 ⁸⁴)
1061 4182 1156 4254 ¹verba
1175 4197 1292 4267 notavi,

435 4294 514 4362 Quae
535 4311 592 4352 non
613 4303 697 4368 parta
717 4305 800 4370 putes
818 4297 931 4370 altaque
951 4295 1053 4353 laboro
1075 4295 1157 4368 gravi
1172 4289 1220 4368 '⁸).

239 4427 509 4444 “““-·“--ι--ι

233 4504 413 4558 cohabitatores.
460 4507 494 4571 ⁸⁸)
508 4505 573 4558 (lod.
592 4503 654 4557 Item
671 4507 723 4560 alia
740 4523 866 4572 quaequae
947 4514 1081 4558 censerunt.
1133 4502 1248 4570 89)()ο(1.
1267 4503 1344 4556 illum.
1392 4502 1427 4560 ⁸⁰)
1440 4503 1466 4556 In

235 4572 300 4626 Cod.
324 4577 431 4628 vatiau.
483 4575 519 4641 ⁹¹)
538 4575 604 4628 (lod.
628 4593 666 4628 ae.
718 4577 753 4641 ⁰²)
777 4575 818 4629 ct.
837 4593 862 4629 c·
876 4577 901 4631 7.
923 4573 1018 4644 Oorup.
1033 4575 1056 4630 Ι.
1078 4576 1111 4628 dc
1135 4591 1214 4644 purg.
1237 4589 1335 4628 canon.
1355 4580 1382 4626 et
1400 4573 1464 4627 cort.
