3062 5174
241 187 301 254 302
674 191 871 250 BERNARDI
902 193 1040 252 SUMMA

242 381 367 431 vestrum
389 373 527 438 fateatur,
556 372 701 428 carnalem
724 371 954 428 coniunctionem
979 373 1185 440 intervenisse,
1214 373 1289 430 alter
1311 389 1387 430 vero
1413 375 1491 430 dili·

242 478 342 538 teatur,
364 470 392 526 ei
413 470 464 540 qui
484 484 537 538 pro
558 469 741 524 matrimonio
762 469 832 525 lacit
851 470 872 524 i.
895 485 919 524 e.
942 470 992 539 qui
1014 471 1138 526 eldrmat
1157 469 1416 540 commixtionem,
1442 473 1490 526 dc-

241 567 347 622 leretur
366 565 501 637 probatio
523 566 644 636 septima
665 582 752 622 manu
777 568 1023 638 propinquorum,
1046 565 1180 622 adhibito
1197 568 1292 624 lorino
1315 570 1488 638 superiori3

241 663 266 721 si
294 678 360 719 vero
388 664 450 733 ipse
476 663 600 734 probare
626 664 767 731 noluerit,
806 663 950 718 deleretur
977 664 1062 718 elteri
1089 664 1108 718 i.
1131 679 1155 718 e.
1183 665 1303 734 neganti
1330 666 1486 720 carnatem

241 761 484 816 commixtionem.
534 759 619 828 Quod
647 761 671 814 si
702 761 860 831 propinqui
893 760 1052 830 defuerint,
1083 768 1219 831 poterunt
1246 777 1352 818 eorum
1387 763 1486 818 locum

241 858 376 928 supplere
396 857 488 912 ulcini
508 856 601 912 boore
622 858 713 911 lamae
734 857 801 925 viri,
823 858 957 927 exemplo
971 873 1079 924 eorum,
1101 859 1153 927 qui
1173 856 1208 912 de
1223 859 1487 931 consanguinitate

241 953 329 1008 Iatu'ri
350 962 418 1010 sunt
438 954 650 1020 testimonium,
680 961 711 1010 nt
733 956 763 1010 C.
778 954 898 1010 XXXV.
922 949 1004 1025 quii
1024 955 1200 1025 Nota'ficomcr
1220 951 1260 1025 (c.
1276 950 1323 1026 3).
1370 957 1485 1012 Similis

241 1051 375 1120 probatio
404 1051 460 1106 erit
488 1050 515 1104 ln
544 1051 710 1120 meleficiis,
739 1051 796 1106 nisi
825 1049 950 1124 quodsi
972 1050 1137 1121 lordicat,
1165 1058 1192 1106 te
1214 1067 1272 1106 non
1295 1051 1399 1108 coisse
1423 1067 1485 1107 curu

241 1164 290 1216 ea,
319 1163 372 1204 nec
399 1157 430 1204 tu
457 1146 537 1202 dicas
559 1163 642 1218 posse
663 1149 741 1204 coire
762 1163 827 1204 cum
849 1149 923 1216 ulie,
952 1148 1145 1218 praesumitur
1164 1148 1331 1222 frigiditas,
1363 1155 1395 1204 et
1419 1155 1486 1203 tnnc

135 1277 140 1292 ι
241 1245 326 1300 dator
346 1245 373 1300 ei
393 1244 512 1300 licentia
532 1243 679 1313 nubendi,
704 1245 759 1300 tibi
782 1260 848 1302 vero
869 1244 975 1317 frigido
997 1261 1053 1302 non
1076 1244 1176 1314 dotur3
1198 1252 1227 1300 et
1247 1246 1274 1300 si
1292 1246 1483 1318 allegaretis,

241 1353 268 1398 te
287 1358 371 1413 posse
393 1340 517 1398 dormire
538 1357 603 1397 cum
625 1343 692 1410 ulia,
714 1349 742 1398 et
762 1341 915 1413 probatum
937 1343 1033 1411 luerit,
1056 1350 1083 1397 te
1103 1344 1191 1415 longo
1212 1351 1348 1416 tempore
1372 1345 1485 1399 stetisse
1524 1379 1525 1404 ι

241 1456 306 1495 eum
327 1440 382 1494 ista
403 1453 456 1494 nec
477 1437 616 1494 dormisse
641 1454 706 1496 cum
727 1455 777 1508 ea,
805 1441 999 1510 praesumitur
1027 1440 1215 1507 maleficium,
1245 1447 1274 1494 et
1303 1446 1381 1496 tunc
1412 1442 1483 1494 lacto

241 1537 367 1592 disertio
395 1535 513 1590 dabitur
540 1536 659 1591 licentis
687 1537 800 1607 utrique
829 1536 910 1592 aliud
938 1537 1151 1592 matrimonium
1179 1533 1432 1610 [contrahendi];
1460 1545 1483 1590 et

241 1641 323 1701 nota,
352 1632 476 1704 quodsi
497 1633 643 1703 trIgiditsr
665 1634 790 1704 allegata
810 1635 897 1690 luerit
916 1641 945 1690 et
965 1634 1096 1704 probato,
1121 1641 1148 1690 ol
1168 1639 1268 1702 postea
1290 1634 1341 1688 vir
1359 1629 1412 1707 ¹⁴),
1437 1635 1481 1705 qui

240 1729 363 1800 frigidm
382 1729 541 1798 dicebatur,
570 1730 658 1784 ollam
686 1732 830 1801 acceperlt
857 1738 970 1788 etcum
999 1746 1032 1785 ee
1060 1730 1224 1797 dormierit,
1253 1730 1483 1801 separabiturr

241 1825 369 1881 secundo
389 1833 417 1880 et
438 1824 574 1880 reddetur
594 1827 695 1896 priori.
736 1827 886 1882 Praeterea
910 1827 1068 1882 notandum
1084 1835 1134 1895 est,
1157 1826 1244 1898 quod,
1265 1826 1322 1882 ubi
1337 1828 1482 1900 allegetur

240 1924 425 1994 maleficium,
446 1938 558 1993 semper
578 1923 737 1992 praesumit
757 1924 887 1992 ecclesia,
910 1923 986 1978 illud
1001 1927 1190 1994 praecessisse
1205 1923 1480 1994 desponsationem

241 2020 293 2078 sed
306 2022 331 2076 si
345 2020 525 2091 probaretur,
548 2020 691 2074 maleficia
708 2020 861 2076 subsecuta
875 2022 963 2076 luisse
978 2021 1239 2092 desponsationem,
1261 2021 1335 2091 quia
1351 2029 1480 2091 tempore

242 2117 473 2188 desponsationis
494 2117 640 2188 legitimus
664 2124 724 2172 eret
744 2118 894 2188 utriusque
915 2133 1082 2185 consensus,
1105 2133 1163 2174 non
1184 2125 1259 2174 esset
1278 2118 1478 2188 separandum

240 2215 471 2281 matrimonium,
500 2215 633 2283 exemplo
654 2214 753 2282 illius,
782 2215 833 2284 qui
854 2231 940 2269 sanus
961 2223 1022 2272 erat
1043 2223 1168 2285 tempore
1191 2214 1435 2286 desponsationis
1455 2222 1479 2266 et

239 2318 340 2381 postea
366 2311 458 2366 factus
485 2317 529 2366 est
556 2311 697 2378 furiosus,
727 2318 758 2366 ut
786 2313 817 2366 Ο.
834 2311 959 2366 XXXII.
989 2307 1071 2383 qm?
1097 2312 1138 2366 Hi
1157 2315 1204 2384 qui
1231 2309 1271 2383 (c.
1285 2305 1354 2384 25).
1409 2312 1479 2365 Ilaec

241 2421 314 2478 qnae
336 2408 372 2463 de
392 2407 508 2480 frigidis
529 2414 557 2463 et
577 2409 758 2464 maleficiatIs
780 2406 924 2478 diximus,
950 2425 986 2466 ax
1006 2409 1108 2464 maiori
1129 2409 1262 2480 partein
1285 2393 1318 2462 0.
1333 2405 1476 2464 ΧΧΧΙΙΙ.

243 2521 291 2577 qu.
307 2501 334 2563 1.
357 2521 381 2561 c.
397 2501 423 2562 1.
446 2499 474 2562 2.
495 2499 522 2564 3.
544 2500 565 2563 4
585 2506 776 2576 reperiuntur.

319 2603 544 2673 Impossibilitos
566 2602 690 2658 coeundi
712 2604 808 2658 animo
829 2611 857 2658 et
878 2619 996 2674 corpore
1018 2610 1075 2658 tam
1096 2601 1219 2672 impedit
1233 2599 1474 2677 contrahendum,

240 2715 324 2770 quem
346 2699 457 2754 dirimit
478 2707 654 2755 contractum
671 2696 718 2774 ²⁸).
760 2700 876 2756 Etenim
904 2715 968 2756 cum
996 2707 1127 2770 oporteat
1149 2700 1180 2754 in
1201 2698 1392 2754 matrimonio
1413 2713 1474 2767 per·

239 2811 323 2852 sonos
352 2811 412 2850 esse
440 2795 602 2868 legitimas,
631 2811 770 2867 personae
799 2813 867 2852 vero
894 2813 951 2852 non
976 2804 1043 2852 sunt
1063 2797 1225 2869 legitimae,
1254 2790 1309 2870 [si]
1332 2810 1394 2849 non
1416 2796 1471 2848 siut

239 2893 384 2964 legitimae
405 2893 507 2948 aetotIs
529 2923 567 2934 -
587 2901 664 2948 astes
686 2907 753 2950 vero
773 2895 904 2966 legitima
925 2901 983 2961 est,
1013 2909 1087 2965 quae
1108 2893 1181 2948 solet
1201 2898 1269 2962 apta
1288 2891 1405 2962 nuptiis
1426 2891 1470 2946 de·
1498 2941 1509 2983 ³

238 2991 344 3060 putori,
372 2989 461 3044 videl.
482 2991 513 3044 in
541 2991 662 3046 muliere
682 2990 739 3045 XII
759 3007 901 3046 annorum
927 2998 955 3046 et
974 3006 1065 3062 puero
1086 2989 1157 3046 XIV
1178 3019 1216 3032 -
1244 2993 1367 3056 constat,
1398 2987 1471 3059 qood

240 3103 297 3144 non
319 3095 362 3142 est
382 3088 610 3156 matrimoqum,
640 3087 692 3144 ubi
719 3087 791 3144 hoec
812 3095 889 3144 retas
909 3089 1054 3160 utrimque
1075 3103 1132 3143 non
1153 3083 1351 3140 intervenerit.
1397 3084 1469 3138 Erec

240 3191 317 3239 oetas
346 3192 440 3239 autem
468 3184 498 3238 io
528 3183 688 3242 canonibus
716 3199 929 3254 expressanon
951 3189 1008 3251 est,
1038 3183 1139 3238 sedin
1161 3181 1291 3254 legibus,
1321 3180 1469 3252 colligitur

240 3287 335 3334 tomen
355 3280 411 3336 hoc
431 3281 509 3338 idem
531 3297 568 3337 ex
588 3281 701 3338 duobus
715 3297 779 3352 cap.
796 3281 899 3338 CXX.
915 3275 1101 3352 qu.2P1uur
1115 3276 1157 3351 (o.
1172 3273 1206 3352 2)
1227 3285 1256 3334 et
1275 3271 1356 3348 qu.1
1378 3277 1468 3330 dimo

174 3361 185 3372 “
240 3373 347 3449 (c.1);
369 3379 439 3450 quia
460 3380 589 3434 enimin
610 3379 664 3434 illo
687 3394 750 3449 cap.
772 3379 869 3433 Praedo
890 3378 1005 3445 dicitur,
1031 3376 1110 3448 qood
1130 3383 1227 3432 votum
1249 3375 1328 3430 iliae
1348 3389 1408 3429 non
1429 3379 1468 3427 est

241 3474 370 3542 firmum,
392 3475 450 3530 nisi
470 3483 537 3546 post
557 3475 614 3530 XII
635 3491 736 3544 annos,
759 3477 788 3530 in
811 3476 865 3531 illo
887 3490 956 3530 vero
978 3489 1040 3546 cap.
1062 3475 1229 3534 Birmoetc.
1252 3471 1370 3540 dicitur,
1393 3468 1468 3541 quod

239 3577 308 3626 tunc
328 3578 371 3626 est
397 3573 478 3628 llrma
506 3571 663 3643 professio,
693 3587 757 3628 cum
785 3579 862 3628 aetas
890 3570 991 3628 edulta
1019 3587 1079 3628 esse
1107 3569 1235 3642 coeperit
1254 3575 1282 3624 et
1303 3583 1378 3638 quoe
1399 3567 1468 3622 solet

240 3673 308 3736 opto
328 3669 438 3738 nuptiis
459 3669 609 3739 deputari,
631 3669 806 3740 relinquitur
827 3685 910 3741 ergo,
939 3669 1089 3726 mulierem
1109 3668 1196 3722 huius
1218 3665 1318 3723 aetatis
1340 3679 1402 3720 esse
1422 3663 1466 3718 dc·

239 3762 308 3818 bere
328 3764 391 3818 scil.
414 3763 583 3820 duodennii.
626 3766 780 3836 Sponsalia
800 3782 868 3823 voro
889 3771 955 3837 post
974 3765 1031 3822 VII
1052 3780 1158 3820 annum
1186 3762 1318 3820 contrahi
1339 3768 1464 3832 possunt,

240 3867 272 3914 ut
294 3860 324 3915 C.
339 3859 430 3918 XXX
454 3877 502 3932 qu.
517 3857 537 3920 2
559 3863 611 3916 Uos·
625 3860 664 3936 (c.
680 3861 761 3936 um),
784 3871 896 3934 tempus
917 3863 993 3920 onim
1016 3859 1200 3917 discretionis
1213 3865 1279 3930 post
1292 3857 1348 3912 VII
1362 3873 1465 3912 annum

238 3957 360 4028 incipit3
389 3958 440 4014 sed
460 3958 629 4016 huiusmodi
649 3961 797 4030 sponsalis
817 3965 949 4016 neutrum
970 3973 1068 4014 eorum
1090 3956 1236 4028 obIIgent,
1259 3955 1410 4026 quoniam,
1432 3969 1465 4008 ox

238 4070 296 4127 quo
317 4055 449 4111 venerint
469 4055 507 4110 ad
527 4071 618 4112 annos
638 4057 793 4128 legitimos,
814 4063 936 4128 possunt
951 4050 990 4129 ²⁸)
1014 4054 1211 4112 contradicere
1231 4053 1321 4110 etita
1341 4065 1398 4106 non
1419 4067 1464 4105 va-

238 4152 320 4221 lebit,
343 4153 422 4226 quod
443 4154 549 4210 iactum
570 4155 671 4208 lueret.
704 4154 877 4210 Huiusmodi
904 4159 997 4210 autom
1026 4151 1176 4224 sponsalia
1196 4157 1263 4206 sunt
1284 4148 1463 4218 desponsatio

240 4249 275 4304 de
289 4251 395 4320 futuro,
413 4257 441 4307 et
454 4266 511 4306 non
528 4249 563 4305 de
576 4252 737 4321 praesenti,
759 4250 836 4306 unde
856 4252 897 4306 ita
912 4249 1130 4306 describuntur:
1159 4245 1331 4318 ,Sponsum
1344 4245 1403 4299 sire
1417 4244 1461 4299 de-

238 4491 263 4527 c.
276 4475 303 4530 i.
322 4473 417 4543 comp.
430 4475 453 4528 Ι.
475 4477 508 4530 de
526 4492 604 4545 purg.
624 4493 734 4545 cenom,
751 4479 824 4545 App.
848 4475 929 4530 Cone.
949 4476 1008 4530 Lat.
1028 4475 1059 4528 P.
1078 4477 1125 4528 ult.
1145 4491 1169 4527 e.
1184 4474 1226 4530 57.
1294 4471 1331 4535 ⁷⁴)
1350 4471 1381 4526 In
1398 4471 1458 4525 coo.

238 4544 286 4611 odi,
305 4546 362 4598 sivo
384 4549 473 4612 potius
490 4551 515 4598 ai.
569 4547 603 4610 rs)
624 4545 656 4600 Iu
676 4545 742 4600 Cod.
761 4548 797 4598 im
814 4563 862 4613 pro
880 4555 928 4596 tum
946 4552 973 4598 ct
989 4545 1088 4612 impedit
1107 4545 1166 4598 loeo
1184 4541 1282 4595 demo.
1345 4540 1380 4608 ⁷⁸)
1398 4540 1458 4596 Ood.
