3098 5184
549 217 785 277 corbeius.
1201 219 1282 278 Lvn

73 393 160 458 direxi
178 395 307 458 eiusdem
321 397 485 460 summulae
499 395 711 478 praefationem
726 393 949 476 dedicatoriam,
971 395 1088 460 illorum
1104 413 1142 459 ex
1157 413 1280 460 numero

73 504 146 568 buerit
170 512 255 586 atque
282 505 372 587 ipsius
401 514 585 589 praeceptor.
635 507 691 581 Qui
713 523 786 569 vero
808 519 913 570 omnes
935 523 993 588 quo
1015 505 1110 569 seculi
1123 503 1185 570 xit.
1207 513 1283 570 tem·

73 633 133 696 pore
152 615 301 678 docuerint
322 623 351 679 et
372 616 553 696 scripserint,
575 616 739 698 quibusque
763 617 847 680 annis
865 633 1032 698 supremam
1054 615 1181 678 obierint
1194 615 1282 696 diem,

72 743 127 786 oum
144 725 281 788 incertum
303 727 349 804 sit,
371 724 482 788 nullum
503 743 625 807 prorsus
648 745 686 788 ex
706 725 822 789 illorum
845 725 1059 790 collaudatione
1078 733 1283 807 argumentum

72 835 226 898 sumendum
257 842 303 898 est
329 833 367 897 de
394 841 508 912 aetate,
537 853 593 916 qua
613 835 764 917 Papiensis
793 835 956 925 studiorum
972 816 1066 897 ¹oabsa
1087 834 1204 917 degerit
1223 835 1285 898 Bo-

69 945 169 1006 noniae.
210 944 395 1026 Legistarum
417 943 528 1008 sobolis
552 945 631 1026 quod
652 943 830 1027 aliquamdiu
850 944 1025 1024 interfuerit,
1052 963 1089 1008 ea
1117 945 1182 1026 ipsa
1203 959 1285 1006 corn·

69 1053 178 1132 probare
206 1053 277 1117 mibi
305 1054 420 1116 videtur
447 1055 519 1118 iuris
541 1054 635 1118 civilis
655 1055 821 1120 accuratior
841 1055 982 1134 scientia,
1011 1055 1095 1117 cuius
1117 1053 1285 1118 testimonio

67 1161 140 1226 nobis
160 1170 204 1226 est
224 1165 319 1245 ipsum
347 1181 438 1246 super
462 1163 659 1228 decretalibus
680 1163 854 1246 opuseulum
869 1164 1000 1247 'eiusque
1020 1164 1094 1228 ratio
1115 1171 1202 1245 atque
1221 1181 1285 1226 rne-

67 1271 175 1354 tbodus3
196 1273 226 1336 id
248 1275 337 1353 enim,
362 1291 463 1353 parem
485 1274 600 1356 utrique
614 1275 670 1338 iuri
685 1273 869 1338 Bernardum
883 1273 1050 1338 attribuisse
1071 1273 1283 1354 auctoritatem,

67 1384 175 1465 eiusque
203 1383 305 1466 legum
331 1391 362 1447 et
382 1401 528 1447 canonum
549 1391 654 1448 statuta
688 1387 719 1448 in
745 1402 836 1449 unum
862 1386 945 1467 quasi
976 1383 1184 1467 compendium
1205 1383 1284 1448 redi-

66 1492 145 1574 gendi
169 1493 296 1558 studium
325 1500 412 1574 atque
443 1493 598 1556 consilium
625 1501 670 1558 sol
698 1493 864 1558 luculentur
893 1493 991 1557 docet.
1033 1492 1169 1574 1111111111,
1197 1511 1286 1576 quern

66 1603 147 1666 solum
167 1605 298 1668 nominat
320 1603 491 1668 Bernardus
508 1603 579 1682 ¹³⁰),
609 1605 674 1669 eius
695 1611 919 1687 praeceptorem
941 1603 1035 1668 luisse
1056 1605 1086 1667 in
1107 1605 1173 1667 iure
1196 1603 1283 1682 civili,

65 1731 149 1794 neque
169 1713 346 1796 negaverim
366 1731 466 1796 neque
488 1713 703 1778 affirmaverim.
737 1713 812 1778 Nam
833 1713 903 1776 licet
924 1715 1001 1777 inter
1020 1719 1153 1776 nostrum
1168 1720 1198 1776 et
1211 1713 1285 1776 Pillii

65 1821 95 1884 de
114 1823 214 1886 ordine
234 1821 389 1886 iudiciario
408 1823 500 1887 libros
516 1823 661 1906 quaedam
683 1823 754 1886 mibi
768 1822 901 1887 videatur
914 1821 1101 1886 intercedere
1116 1821 1283 1903 similitudo,

63 1939 148 1996 tamen
168 1933 375 2014 disputatorius
396 1933 632 1998 buiusauctoris
655 1933 786 2013 libellus,
815 1932 866 2015 qui
894 1933 967 1996 alias
993 1931 1235 1995 brocardicorum
1256 1939 1287 1996 et

64 2042 140 2106 libelii
173 2045 424 2125 praesumtionum
461 2043 517 2108 lert
550 2059 677 2122 nomen,
716 2061 776 2106 non
810 2051 869 2106 tam
908 2043 946 2106 ad
975 2043 1054 2124 ipsas
1082 2042 1154 2106 iuris
1190 2042 1285 2106 civilis

62 2153 177 2234 regulas,
198 2171 289 2235 quam
311 2153 349 2216 ad
370 2153 533 2217 disserendi
555 2151 592 2216 de
613 2153 678 2214 iure
701 2152 871 2216 methodum
893 2151 964 2216 mibi
985 2159 1138 2236 spectasse
1159 2153 1283 2232 videtur,

62 2262 175 2344 indeque
190 2264 258 2327 eius
273 2264 514 2327 commemoratio
529 2271 616 2344 atque
627 2261 797 2343 approbatio
812 2261 918 2326 nullius
933 2279 1054 2344 prorsus
1069 2269 1116 2328 est
1130 2264 1282 2343 momenti,

63 2372 82 2433 si
105 2379 274 2452 quaeratur,
302 2389 361 2454 quo
386 2373 465 2436 duce
494 2379 525 2436 et
551 2373 692 2455 magistro
714 2371 880 2436 bernardus
902 2379 1005 2437 noster
1027 2371 1121 2436 iactus
1143 2373 1180 2436 sit
1201 2374 1284 2454 quasi

65 2479 165 2563 legista.

130 2592 207 2656 inter
234 2590 435 2672 Bernardina,
468 2593 494 2656 si
523 2609 583 2655 non
604 2593 711 2669 omnia,
744 2598 826 2656 certe
854 2609 930 2675 quae
959 2591 1045 2654 nobis
1073 2591 1187 2673 reliqua
1217 2599 1284 2656 sunt

61 2700 164 2784 scripta,
186 2703 314 2784 primum
337 2721 375 2766 en
394 2704 536 2783 temporis
556 2702 669 2764 ratione
691 2702 790 2765 locum
808 2701 948 2784 equidem
973 2701 1105 2764 dederim
1119 2701 1284 2765 summulae

63 2809 92 2871 de
110 2813 313 2889 matrimonio,
341 2819 401 2874 tum
431 2831 499 2874 eam
527 2811 565 2874 ob
594 2829 729 2890 causam,
759 2811 838 2893 quod
866 2811 897 2874 in
924 2811 973 2874 illa
996 2811 1167 2875 Bernardus
1190 2811 1284 2876 civilis

61 2917 119 2982 iuris
143 2922 275 2986 nondum
301 2922 390 2985 ullam
416 2921 506 2984 babet
532 2921 693 3000 rationem,
726 2921 796 3002 quin
822 2920 1040 3003 quodammodo
1065 2939 1104 2984 ne
1127 2939 1166 2984 eo
1189 2927 1285 2984 utatur

63 3030 225 3112 evitatssp,
256 3039 315 3095 tum
336 3051 375 3096 ex
397 3031 587 3095 decretalium
609 3030 825 3095 offerendarum
847 3030 952 3107 modo,
975 3030 1083 3112 quippe
1105 3047 1178 3112 quas
1201 3047 1285 3093 num·

63 3157 135 3219 quam
163 3141 332 3206 laudaverit
360 3141 414 3206 sub
441 3141 547 3220 titulis,
577 3139 631 3204 sed
653 3159 692 3204 ex
713 3141 778 3206 sola
798 3141 990 3223 inscriptione
1012 3139 1150 3222 designet
1170 3159 1284 3204 omnes.

61 3247 135 3314 druto
158 3251 243 3320 1159
272 3251 349 3314 bano
376 3249 549 3314 summulam
579 3266 648 3312 esse
669 3251 884 3329 recentiorem,
911 3249 980 3314 inde
1001 3241 1091 3332 patet,
1114 3250 1194 3332 quod
1212 3250 1285 3314 Ale-

59 3361 149 3425 mndri
159 3363 208 3426 lli.
233 3361 421 3444 epistolarum
442 3367 600 3424 occurrunt
621 3359 729 3440 plures.
772 3359 832 3424 ianr
854 3377 927 3424 vero
950 3377 1056 3424 omnes
1078 3376 1151 3441 quas
1173 3360 1283 3443 allegat

61 3478 150 3533 auctor
164 3471 343 3551 decretales,
357 3472 548 3549 incertorum,
571 3469 650 3552 quod
664 3469 797 3549 viderim,
821 3477 889 3533 sunt
903 3487 1059 3548 annorum,
1081 3469 1196 3550 aliquae
1211 3488 1284 3534 vero

62 3585 86 3640 et
98 3588 249 3644 auctorum
265 3579 338 3664 132);
360 3588 441 3644 certa
455 3581 555 3663 itaque
569 3581 718 3664 temporis,
741 3599 800 3664 quo
821 3581 929 3664 scripta
950 3581 988 3644 sit
1007 3599 1132 3662 summa,
1155 3599 1195 3642 ne
1216 3579 1286 3644 bino
1334 3587 1335 3590 ’

81 3886 122 3950 ¹³⁴)
140 3887 181 3941 Gi.
201 3887 315 3941 Summa
341 3888 438 3942 decret.
464 3887 498 3942 ad
521 3889 559 3941 tit.
584 3888 618 3942 de
642 3892 785 3954 praeeumt
810 3885 858 3950 (ΙΙ.
878 3884 923 3952 16)
950 3885 1001 3955 §2
1020 3901 1080 3952 pag.
1092 3884 1136 3940 51.
1171 3913 1204 3924 -·
1240 3885 1284 3939 De

136 3973 210 4028 Pillii
231 3977 286 4028 vita
302 3982 328 4027 et
347 3977 467 4042 seriptis,
490 3977 647 4042 praesertim
671 3973 704 4025 de
730 3974 824 4027 libello
849 3975 1024 4042 disputatorie
1043 3974 1089 4036 (ci.
1105 3975 1212 4026 flevimus
1230 3973 1249 4024 l.
1263 3990 1286 4026 e.

137 4061 170 4114 Τ.
183 4060 233 4114 IV.
252 4079 278 4129 p.
291 4059 343 4118 282
356 4079 397 4130 sq.
415 4062 465 4115 Ed.
479 4061 513 4114 ΙΙ.
535 4079 560 4128 p.
571 4061 623 4116 312
639 4065 701 4128 sq).

82 4145 122 4211 ¹³¹)
140 4148 282 4202 Facillime
301 4165 333 4201 ex
350 4151 408 4201 iure
426 4149 499 4202 civili
521 4150 653 4216 potuisset
676 4149 864 4216 comprobare,
889 4145 961 4214 quod
979 4163 1012 4200 eu
1032 4147 1180 4199 canonibus
1200 4146 1284 4198 subti-

135 4233 210 4288 litate
239 4235 352 4302 quadam
379 4233 500 4302 deducit,
526 4236 679 4302 nuptiarum
708 4235 855 4302 legitimam
883 4239 995 4286 aetatem
1021 4248 1081 4284 esee
1107 4233 1284 4300 pubertatem.

142 4321 182 4374 cl.
201 4323 271 4374 inira
289 4323 349 4390 pag'.
363 4319 423 4378 3⁰2.

82 4405 123 4470 ¹³²)
140 4407 249 4462 Deerel·
268 4406 378 4460 Litterae
404 4425 465 4475 paca
487 4405 555 4458 aobtb
580 4409 618 4470 (v.
633 4425 659 4476 p.
670 4406 733 4468 aot)
759 4408 831 4476 apud
854 4405 1034 4460 Boehmerum
1059 4402 1211 4458 Alexandro
1231 4401 1283 4455 111.

138 4495 273 4562 adscripta
291 4501 332 4548 est
349 4503 375 4550 et
392 4497 425 4549 Α.
440 4494 507 4551 1170
524 4496 641 4563 sigbelm
667 4493 716 4547 sed
735 4494 889 4548 Bernardus
907 4491 1035 4548 Hadriani
1054 4507 1112 4545 eam
1131 4505 1192 4544 esse
1211 4488 1285 4556 dicit,

137 4595 230 4648 neque
248 4583 356 4637 retinuit
374 4581 447 4637 illam
465 4583 528 4636 anni
547 4583 668 4638 notitiam
688 4581 839 4636 Richterus.
