3098 5184
547 233 781 292 matronis.
1195 227 1279 285 XXV

71 409 204 491 exemplar
222 410 251 472 in
265 411 400 474 auctoris
422 411 514 493 patria
535 412 716 476 cismontana
739 429 899 492 superesse
920 408 1051 488 uidetur,
1077 423 1192 488 neque,
1214 403 1280 468 solo

71 528 177 600 excepto
197 520 370 600 Parisiensi,
403 521 460 586 ulla
481 521 623 586 haetenus
644 524 674 585 in
696 523 817 586 aliarum
839 529 983 584 terrarum
1006 516 1189 580 bibliothecis
1210 513 1281 578 mihi

71 630 134 691 licuit
153 630 282 709 reperire
304 637 385 692 certa
407 639 437 694 et
458 631 513 694 lida
537 634 670 714 vestigia.
713 632 828 695 Etenim
850 649 908 694 non
930 629 1031 693 semel
1060 627 1196 709 quidem,
1226 622 1280 687 sed

68 739 118 814 bis,
145 757 208 800 eum
236 739 346 820 primae
367 739 482 804 litterae
501 759 542 805 eo
563 742 622 805 line
644 743 713 806 illuc
734 741 923 804 transmissae
944 741 974 801 in
995 739 1101 801 itinere
1122 731 1280 798 intercide-

66 849 128 926 n‘ut,
154 849 313 928 periculum
341 849 416 930 ieci,
447 869 516 914 num
542 851 618 916 lorte
639 851 935 916 sarriano-Vaticani
956 865 1074 930 quoque
1096 845 1224 923 codicis,
1254 843 1280 906 si

66 973 116 1019 non
134 958 254 1042 integri,
277 967 358 1022 certe
380 961 410 1022 in
431 960 486 1023 illia
508 978 641 1026 summae
662 963 755 1040 locis,
781 962 831 1042 qui
853 961 979 1022 maiores
1001 958 1038 1022 de
1060 975 1130 1019 vera
1151 955 1280 1017 lectione

66 1067 252 1148 relinquerent
279 1069 458 1148 dubietates,
487 1072 631 1153 consequi
659 1087 779 1152 possem
808 1069 1004 1133 collationem.
1048 1067 1191 1130 blaximae
1212 1064 1281 1126 binc

65 1176 125 1239 nihi
144 1185 171 1240 et
190 1187 258 1242 sunt
281 1187 311 1242 et
332 1187 418 1244 erunt
439 1182 553 1263 gratiae
576 1180 749 1260 habendae,
772 1197 838 1243 curn
860 1179 947 1261 bctp.
968 1176 1073 1246 Wllllo
1088 1177 1122 1238 V.
1138 1175 1172 1237 D.
1190 1171 1280 1238 Caud-

65 1285 150 1353 larcll
170 1289 317 1368 quondam
340 1289 474 1371 collegae
496 1307 675 1372 semperque
697 1289 767 1352 milri
789 1291 875 1352 amici
904 1289 980 1366 lilio,
1009 1295 1070 1350 tum
1100 1285 1163 1348 viro
1184 1285 1281 1346 hono·

65 1397 196 1460 ratissimo
217 1397 267 1460 Dr.
290 1398 481 1479 herleberto,
505 1417 630 1481 quorum
650 1400 709 1478 ille,
731 1407 815 1482 patre
836 1397 1057 1476 intercedente,
1080 1393 1280 1458 lubentissime

64 1506 184 1582 precibus
206 1509 282 1572 meis
305 1527 340 1572 se
362 1517 629 1592 optemperatumm
650 1527 720 1574 esse
741 1510 890 1591 promisit,
919 1508 1106 1588 aduersaque
1124 1504 1281 1587 impeditus
1394 1596 1399 1604 .

65 1615 215 1680 valetudine
238 1626 269 1681 et
289 1619 383 1681 redux
405 1620 434 1682 in
456 1619 577 1700 patriam
597 1621 693 1682 amico
715 1628 744 1684 et
764 1620 899 1684 familiari
919 1635 974 1683 sno
994 1619 1078 1682 btam
1099 1616 1280 1698 provinciam

66 1723 283 1792 demandandum
306 1729 432 1806 curavit,
456 1730 533 1792 hanc
555 1731 638 1811 quasi
658 1729 867 1808 hereditatem,
890 1729 960 1792 lieet
981 1744 1153 1806 onerosam,
1176 1745 1215 1788 ex
1231 1743 1282 1788 ur·

66 1833 177 1898 laniate
205 1838 252 1900 sui
281 1839 369 1901 animi
395 1840 461 1902 sine
490 1837 549 1902 ulla
575 1839 787 1902 deliberatione
811 1839 930 1902 adeunti
958 1839 988 1900 in
1016 1855 1114 1900 meum
1135 1837 1280 1902 bonorem

68 1952 91 2005 et
115 1945 308 2010 commodum.
361 1947 446 2022 Quod
475 1967 548 2012 vero
573 1949 614 2012 illi
641 1951 712 2013 Ood.
742 1950 913 2014 Vaticanum
941 1947 991 2011 Nr.
1015 1947 1098 2014 2692
1129 1945 1282 2027 quaerenti

68 2055 166 2117 iamiam
188 2075 364 2138 responsum
386 2059 511 2144 tolerant
529 2059 772 2123 bibliothecarum
787 2059 930 2141 praefecti
945 2065 975 2120 et
989 2056 1137 2136 custodes,
1158 2056 1189 2116 in
1203 2053 1282 2118 nulla

69 2181 151 2227 earum
172 2166 281 2230 adesse
303 2167 454 2245 codicem,
483 2171 533 2251 qui
554 2169 696 2232 bernardi
718 2169 856 2233 exhibeat
877 2187 1038 2246 summam,
1058 2167 1087 2229 id
1108 2166 1188 2230 idem
1210 2181 1282 2227 con·
1349 2148 1354 2161 ⁸

67 2271 235 2338 firmaverunt
256 2277 377 2340 altanus
398 2279 512 2342 litterae
534 2279 571 2342 ad
593 2299 641 2342 me
664 2279 758 2342 datae.
805 2279 842 2342 Ni
862 2279 953 2361 igitar
973 2277 1050 2340 iorte
1071 2276 1125 2341 sub
1148 2292 1207 2338 uno
1229 2291 1281 2338 eo·

67 2399 117 2445 mm
143 2385 283 2450 librorum
311 2387 401 2451 latitet
426 2388 565 2452 Bernardi
595 2407 686 2469 opus,
716 2393 765 2471 qui
793 2387 848 2453 sub
876 2385 1067 2471 generali'et
1094 2403 1172 2468 vago
1200 2384 1281 2448 tibrlo

65 2490 121 2556 iuris
140 2497 274 2559 canonici
289 2515 468 2562 summarum
483 2501 513 2561 in
533 2498 675 2580 catalogis
694 2507 891 2563 recensentur
904 2497 955 2578 46),
972 2497 1096 2580 deperiit
1109 2495 1159 2558 ille
1173 2494 1280 2572 codex,

66 2618 95 2661 cx
113 2621 165 2683 quo
187 2605 302 2670 Sartius
324 2607 409 2670 nobis
429 2610 540 2689 primus
567 2609 684 2672 tradidit
710 2627 844 2674 summae
869 2610 991 2672 initium.
1035 2607 1129 2681 Quem
1151 2623 1224 2668 vero
1244 2603 1282 2667 ad

68 2707 220 2789 Papiansem
244 2734 305 2778 non
326 2724 384 2779 tarn
404 2717 469 2799 ipse
489 2718 701 2800 relert,·quam
722 2719 847 2782 relatum
862 2736 931 2782 esse
943 2737 965 2780 a·
976 2717 1102 2799 catalogi
1117 2715 1283 2779 auctoribus

68 2817 181 2889 llunlus
195 2823 239 2903 ⁴⁷)
262 2835 475 2890 commemorat
495 2829 525 2890 in
547 2828 660 2892 Veneta
682 2830 712 2892 S.
735 2827 824 2892 llaroi
846 2828 1023 2892 bibliotheca
1045 2827 1174 2905 obvium,
1198 2825 1282 2887 hisce

71 2931 238 3011 incipientem
262 2935 377 2998 verbis:
407 2940 571 3001 Formaott
599 2943 750 3001 Dominus
776 2941 928 3002 hominem
957 2949 1023 3015 eta,
1051 2939 1077 3000 is
1105 2953 1166 2998 non
1191 2934 1284 2998 nostri

69 3043 178 3105 continet
200 3043 349 3121 libellum,
371 3046 423 3109 sed
445 3047 591 3114 llernardl
612 3047 782 3116 lariensis
803 3067 827 3111 s.
850 3050 887 3116 de
907 3048 1037 3126 bomne,
1069 3045 1189 3128 glossae
1210 3043 1284 3106 Gre-

69 3150 189 3225 gorianae
210 3155 351 3217 auctoris.
394 3155 477 3218 Hunc
491 3159 570 3220 enirn
585 3175 644 3219 non
659 3158 755 3220 solum
769 3139 940 3240 in'glossis,
963 3155 1042 3238 quod
1056 3155 1150 3218 sciunt
1165 3171 1282 3236 omnes,

69 3257 243 3342 adornandis,
272 3264 328 3326 sed
356 3267 443 3328 otiam
472 3267 502 3328 in
530 3285 643 3330 summa
671 3285 761 3349 super
787 3285 865 3330 nova
892 3263 1080 3330 decretalium
1106 3263 1283 3328 collectione

68 3369 262 3436 conscribenda
292 3373 520 3456 aemulatorem,
551 3394 588 3440 ne
614 3377 709 3440 dicam
730 3378 936 3459 spoliatorem,
967 3375 1060 3438 luisse
1082 3391 1202 3454 eorum,
1234 3376 1284 3456 qui

70 3475 145 3554 ipsum
165 3491 389 3546 antecesserant
409 3484 623 3563 decretalistae,
645 3505 694 3550 res
712 3489 831 3569 quidem
846 3495 892 3552 est
906 3487 1058 3563 hactenus,
1081 3492 1221 3567 quantum
1242 3485 1285 3546 vi-

70 3583 161 3666 derim,
189 3591 278 3672 plane
305 3594 406 3675 ignoto
433 3613 533 3676 neque
560 3596 596 3658 ab
626 3597 685 3660 ullo
711 3605 959 3675 commemorata,
987 3603 1086 3658 tamen
1108 3595 1283 3657 certissima.

70 3695 147 3760 idest
174 3701 249 3764 inter
279 3701 369 3766 libros
390 3705 662 3787 Argentoratenses
691 3707 804 3784 codex,
833 3707 888 3770 sub
918 3706 1054 3788 signori
1077 3702 1285 3785 116,quihis

72 3805 152 3869 verbis
183 3817 241 3872 tam
275 3811 304 3874 in
336 3815 479 3898 catalogis
510 3817 698 3880 llaenelianis
712 3816 755 3895 ⁴⁸)
787 3835 874 3899 quam
906 3817 942 3880 ab
978 3815 1043 3879 aliis
1078 3815 1212 3878 laudatur
1225 3812 1285 3890 *lm

73 3913 191 3984 „Summa
221 3937 314 4018 super
344 3925 385 3986 tit.
416 3925 625 4010 decretalium3
661 3945 775 3992 summa
806 3926 845 3990 de
877 3928 1079 4002 matrimoni03
1115 3921 1286 3989 l'ancredus

99 4233 127 4300 ⁴⁸)
145 4238 181 4293 Gi.
199 4245 304 4296 Blenina
322 4244 340 4296 l.
355 4260 376 4297 c.
390 4261 417 4312 p·
430 4243 480 4302 127
493 4252 519 4300 et
530 4265 556 4315 p·
569 4245 625 4303 190.
677 4247 712 4312 ⁴⁷)
725 4247 794 4302 Ibid.
807 4265 834 4317 p.
845 4247 878 4306 14
891 4247 942 4302 sab
955 4245 1057 4303 Nato.

100 4321 129 4374 ⁴⁸1
147 4325 184 4378 Ol.
201 4331 308 4382 llrenelll
326 4332 402 4384 catal.
420 4334 463 4385 cit.
481 4349 507 4400 p.
519 4333 579 4388 458.

100 4407 127 4472 ⁴⁹)
145 4411 181 4466 Cl.
200 4418 225 4468 Δ.
248 4419 414 4470 Wunderllehll
440 4421 632 4486 prolegomena
662 4422 694 4474 ad
722 4421 855 4475 ‘tancredi
883 4437 1014 4474 summam
1044 4421 1078 4474 de
1107 4419 1289 4484 matrimonio,

144 4498 211 4552 Gott.
226 4500 303 4569 1841,
321 4520 346 4570 p.
360 4503 411 4556 ΙΙΙ.
423 4513 449 4558 et
461 4506 551 4559 XVII.
570 4510 621 4562 sub
634 4508 659 4562 7.
675 4514 754 4575 atque
773 4512 809 4562 rr.
820 4511 959 4573 ltargnannl
976 4509 1055 4576 prael.
1071 4507 1104 4559 ad
1116 4505 1199 4572 Pillli,
1217 4503 1288 4556 Tan·

143 4585 226 4653 credi,
247 4586 355 4650 Gratiae
374 4589 432 4650 libr.
451 4592 484 4646 ds
502 4593 662 4655 iudiciorum
681 4595 789 4663 ordine,
810 4595 883 4650 Gott.
905 4593 986 4665 18t2,
1004 4611 1031 4666 p.
1045 4594 1079 4648 X.
1098 4589 1207 4649 nobb.
