3098 5184
561 231 800 290 corrosis.
1200 234 1292 306 ¹nur

80 407 164 472 medio
191 409 220 472 in
245 409 342 490 cap.3
371 409 408 472 de
429 416 537 490 raptor.
560 409 610 485 (V.
628 409 682 485 ll)
710 408 757 472 bis
785 407 922 491 expliciat
950 408 1065 475 verbis:
1110 413 1292 490 Rcspmadcrt

76 530 165 598 potest,
186 524 267 599 quod
285 526 334 582 isti
354 525 482 598 episcopi
501 539 564 582 non
586 523 716 582 habeant
736 523 815 583 herto
836 523 1080 599 iurudtctiouem,
1101 531 1135 584 ut
1148 524 1184 584 de
1197 541 1290 586 mon·

78 635 132 692 data·
158 631 193 708 ἃ,
226 629 477 694 Francofurtensis
510 647 580 692 sese
612 629 744 692 exhibuit
774 629 859 692 liber.
911 629 1099 711 Conscriptos
1135 637 1182 694 est
1217 630 1292 694 binis

77 739 110 804 ll
128 739 265 803 linearum
294 739 453 818 columnis,
471 741 739 822 .correctoriasque
768 755 871 803 manus
899 739 995 802 multis
1023 742 1053 801 in
1083 739 1158 804 locis
1179 741 1293 823 prodit3

76 850 159 913 rubris
181 850 384 932 caeruleisque
403 848 562 912 initialibus
582 857 671 932 atquo
693 849 841 912 titulorum
863 849 1100 930 inscriptionibus
1121 855 1168 914 est
1188 851 1293 912 instru-

76 967 139 1022 ctus.
179 959 284 1041 Neque
311 960 393 1023 solos
413 959 615 1022 Bernardinos
645 977 732 1022 casus
762 959 891 1022 continet
918 959 996 1022 istud
1016 959 1154 1022 volumen
1176 959 1294 1024 miscel-

75 1069 193 1147 laneum,
223 1069 278 1134 sed
300 1077 330 1133 et
358 1069 414 1133 alia
442 1071 549 1150 scripta
578 1069 614 1132 ad
639 1070 684 1132 ius
706 1070 866 1150 spectantia
888 1070 1077 1148 canonicum,
1108 1077 1232 1152 qnorum
1254 1089 1294 1138 ox

75 1197 195 1259 numero,
216 1187 336 1261 praeter
353 1179 496 1246 ltncredl
518 1179 556 1242 de
578 1180 762 1242 matrimonio
785 1197 927 1244 summam
949 1181 1007 1242 iam
1030 1180 1079 1243 diu
1094 1197 1132 1243 ex
1146 1179 1293 1244 Wunder-

73 1287 183 1352 liohiana
209 1289 339 1352 editione
366 1291 548 1352 notissimam
565 1289 636 1367 ¹⁰⁰),
666 1289 787 1358 loonnls
809 1292 846 1356 dc
866 1291 925 1357 llco
946 1289 1066 1372 Hispani
1088 1291 1293 1372 quaestionum

74 1397 129 1460 libri
142 1399 203 1478 lll.,
230 1399 642 1479 t01.113-1t80bvii¹⁰⁹)‚
673 1419 738 1463 eam
756 1401 939 1482 potissimum
961 1399 1000 1464 ob
1022 1417 1141 1463 causam
1164 1417 1294 1464 commc-

74 1515 174 1570 noratu
194 1508 265 1571 mihi
287 1509 423 1572 videntur
437 1507 529 1590 digni,
551 1509 618 1590 quia
634 1527 733 1572 earum
749 1511 884 1576 Savinius
899 1511 954 1587 ¹¹⁰)
977 1509 1097 1591 quidem
1112 1510 1195 1590 duos,
1218 1510 1293 1574 llae-

72 1617 154 1681 nclius
174 1619 229 1694 ¹¹¹)
264 1637 336 1682 vero
368 1625 456 1700 atque
491 1617 625 1681 Blumius
661 1620 757 1684 nullos
793 1627 1026 1684 commemorant
1058 1618 1149 1683 libros
1186 1635 1292 1684 monu-

71 1727 190 1808 soriptos.
306 1793 310 1806 ,

143 1837 188 1899 lv.
233 1837 323 1900 Hisce
344 1845 404 1900 tum
425 1837 463 1900 de
486 1839 533 1901 via
554 1838 742 1920 praemissis,
767 1855 854 1920 quam
875 1839 906 1902 in
927 1837 1051 1902 edendis
1073 1837 1218 1902 Bernardi
1238 1837 1293 1901 Pa·

74 1948 170 2026 picnsis
192 1947 345 2011 anecdotis
366 1955 486 2011 secutus
508 1949 573 2026 sim,
596 1955 656 2010 tum
679 1946 716 2008 de
738 1945 884 2024 subsidiis,
907 1947 1013 2029 quibus
1027 1949 1068 2011 uti
1083 1947 1154 2012 mihi
1167 1947 1292 2028 licuerit,

72 2058 144 2120 lacile
165 2059 232 2141 quis
255 2059 475 2139 exportaverit,
499 2065 531 2120 ut
552 2057 610 2120 hoo
633 2057 699 2119 loco
721 2056 886 2138 proferam,
910 2057 979 2139 quid
1001 2057 1065 2139 ipse
1087 2058 1211 2121 sentiam
1232 2066 1294 2122 tum

73 2168 102 2230 de
125 2187 302 2232 summarum
331 2168 581 2230 Bernardinarum
609 2167 707 2230 indole
735 2175 765 2230 et
794 2175 895 2230 natura
924 2175 1012 2249 atque
1041 2167 1078 2231 de
1106 2169 1234 2231 auctoris
1262 2176 1293 2231 et

71 2279 182 2342 docendi
204 2287 238 2342 et
258 2277 407 2341 scribendi
428 2279 554 2356 ratione,
578 2285 640 2340 tum
663 2277 700 2340 de
721 2277 784 2358 pari
805 2278 881 2359 apud
902 2278 998 2359 ipsum
1021 2277 1116 2342 civilis
1136 2285 1225 2359 atque
1244 2297 1293 2340 ca·

71 2391 154 2452 nonici
173 2390 247 2452 iuris
270 2388 442 2450 auctoritate
472 2405 636 2468 eorumque
665 2405 721 2450 usu
749 2388 833 2468 quasi
861 2387 1047 2470 promiscuo,
1076 2387 1114 2452 de
1141 2403 1292 2450 consensu

70 2515 145 2576 porro
166 2498 214 2562 vel
237 2495 431 2560 disiunctione
453 2497 530 2562 inter
552 2497 702 2588 Papicnsis
732 2515 844 2580 easque
872 2496 1123 2562 intercedentibus
1151 2513 1290 2576 summas,

71 2625 134 2688 quae
154 2607 241 2671 nobis
265 2615 401 2672 servatae
428 2615 496 2670 sunt
524 2613 554 2670 et
575 2605 804 2671 Decretisurum
833 2614 864 2670 ct
884 2607 1070 2689 Legistarum
1100 2623 1289 2686 coaevorum,

69 2717 213 2800 itidemque
244 2717 281 2780 de
303 2717 480 2780 Bemardini
508 2716 641 2798 opusculi
669 2735 736 2780 cum
763 2717 800 2780 iis
829 2717 1021 2782 decretalium
1051 2717 1174 2780 summis
1201 2733 1289 2795 nexu,

70 2845 130 2907 quas
149 2847 219 2891 mox
241 2847 329 2891 unam
349 2833 417 2908 post
438 2826 524 2888 aliam
552 2826 624 2889 vidit
649 2827 796 2907 posterior
823 2833 904 2890 aetas
932 2829 1062 2908 tantique
1088 2825 1230 2904 babebat,
1261 2833 1293 2888 ot

69 2937 130 3000 intra
143 2957 256 3020 paucos
270 2955 365 3001 annos
380 2955 487 3017 magna
503 2938 719 3002 canonistarum
735 2935 843 3000 cohors
859 2954 897 3000 ne
913 2937 1085 3000 memoriam
1101 2937 1156 3014 ¹¹²)
1171 2936 1291 3018 quidem

91 3207 128 3274 ¹⁰⁸)
149 3209 186 3263 Oi.
205 3211 340 3265 Tancredi
365 3211 477 3265 Summa
503 3211 537 3265 de
562 3211 730 3265 matrimonio
756 3209 798 3263 ed.
822 3212 906 3276 neth.
929 3211 1096 3274 wandallos,
1122 3210 1194 3264 Gott.
1215 3209 1291 3279 toll,

142 3296 297 3366 Prolegom.
316 3314 343 3364 p.
357 3297 404 3351 lv,
423 3301 474 3351 sub
494 3298 519 3354 2.

94 3381 133 3447 m)
150 3383 234 3438 Istam
253 3388 383 3452 omnium,
402 3401 469 3452 quas
488 3404 505 3436 a
523 3393 625 3450 tempore
642 3383 764 3450 regiminis
782 3383 822 3435 sua'
837 3383 854 3436 i.
866 3401 885 3435 c.
899 3385 931 3434 ob
948 3384 1019 3435 onnia
1035 3384 1185 3450 undeoiqintr'
1200 3383 1293 3452 dispu-

142 3474 249 3538 taverit,
275 3475 464 3538 quaestionum
489 3473 674 3526 collectionem
694 3467 842 3523 Octaviano
867 3469 1002 3524 Cardiuali
1021 3471 1049 3523 S.
1068 3470 1169 3523 Mariae
1195 3471 1223 3524 in
1247 3473 1292 3524 via
1387 3515 1391 3523 .

144 3555 240 3610 Latina
261 3558 423 3624 dedicatam,
452 3559 490 3612 sic
509 3559 701 3626 subscriptam:
722 3555 754 3608 A.
772 3553 841 3608 1248
860 3558 899 3608 dic
915 3556 956 3608 VI
970 3558 1074 3608 iuuante
1091 3556 1173 3623 Sept„
1193 3565 1292 3626 auctor,

141 3646 178 3696 uti
199 3647 259 3710 ipse
283 3646 311 3698 in
334 3645 448 3712 epistola
472 3645 633 3698 dedicatoria
657 3650 775 3710 enarrat,
799 3645 848 3694 lom
865 3643 890 3694 ln
908 3645 974 3696 aerio
991 3645 1131 3695 commitatus
1148 3652 1172 3694 et
1188 3643 1290 3696 diversis

140 3729 317 3792 infirmitatibus
341 3740 491 3798 approbatas
512 3732 638 3798 coniecit,
664 3733 691 3784 in
713 3731 862 3800 eademque
886 3733 1001 3799 epistola
1018 3747 1066 3799 pro
1085 3749 1157 3784 more
1177 3747 1227 3784 suo
1247 3749 1292 3786 ex·

141 3815 215 3870 hibet
234 3818 426 3884 opusculorum
445 3817 575 3870 hacteuus
599 3817 731 3872 editorum
757 3833 914 3883 recensum,
938 3821 966 3870 in
992 3833 1046 3885 quo
1072 3825 1160 3872 tamen
1186 3817 1292 3871 nullum

142 3906 270 3970 occurrit,
290 3904 363 3970 quod
383 3921 437 3957 non
456 3907 491 3956 sit
509 3907 688 3957 notissimum.
735 3941 740 3948 -

92 3985 129 4050 ¹¹⁰)
145 3993 243 4055 murm
261 3989 360 4044 Gesch.
379 3991 404 4043 d.
424 3991 456 4042 tt.
477 3989 524 4057 lh,
543 3989 620 4043 Tom.
633 3989 668 4043 V.
687 4005 712 4058 p.
726 3990 786 4047 428.
807 3990 856 4044 Ed.
871 3989 907 4044 11.
926 4009 951 4060 p.
965 3989 1024 4046 48³.

94 4072 131 4136 ¹¹¹)
148 4075 236 4140 Quam
254 4079 324 4131 inter
345 4075 538 4142 columbinae,
560 4093 628 4146 quac
648 4085 689 4132 est
706 4077 822 4146 Hispali,
840 4078 1018 4131 bibliothecae
1039 4078 1123 4132 libros
1142 4077 1291 4134 Haenelius

142 4163 171 4224 (l.
183 4179 204 4217 c.
214 4162 313 4231 poso)
327 4181 458 4218 summam
474 4165 584 4218 Ioannis
597 4167 630 4219 de
642 4165 702 4218 Deo
716 4171 836 4219 recenset
852 4164 1017 4220 „secundum
1031 4166 1153 4220 ordinem
1171 4166 1291 4219 decre-

144 4250 295 4318 talium,c
322 4267 382 4305 cum
407 4253 473 4305 alias
498 4269 648 4319 nusquam,
673 4252 745 4320 qood
772 4255 869 4320 sciam,
893 4269 925 4305 ea
949 4260 1187 4319 commemoretur,
1209 4256 1240 4304 ut
1257 4252 1291 4304 ad

143 4337 224 4390 alium
237 4344 371 4392 auctorem
386 4345 431 4392 aut
444 4340 477 4392 ad
489 4341 576 4406 ipsius
590 4339 766 4393 Decretorum
780 4343 934 4406 apparatum
947 4341 1093 4393 reseramus
1106 4355 1217 4393 necesse
1232 4341 1289 4392 erit.

92 4417 129 4483 ¹¹²)
147 4421 324 4478 Bernardiuae
344 4443 463 4479 summae
484 4425 658 4479 decretalium
676 4443 763 4494 neque
776 4425 912 4479 Damasus
929 4428 991 4480 iacit
1009 4429 1172 4480 mentionem
1191 4440 1289 4492 oeque,

143 4511 188 4575 qui
206 4518 295 4565 tamen
315 4512 348 4564 ad
368 4513 440 4567 hunc
453 4513 526 4567 haud
540 4529 597 4566 raro
611 4519 757 4582 recurrunt,
776 4514 936 4580 posteriores
950 4515 1115 4580 summistae,
1133 4509 1286 4565 Bernardus

143 4593 310 4668 Parmensis,
329 4598 487 4669 Goliredus,
510 4599 673 4656 Hoetiensis.
711 4599 765 4654 Sed
784 4615 834 4656 uec
851 4601 879 4656 iu
898 4599 958 4656 aliia
980 4598 1065 4658 seculi
1083 4595 1162 4658 x111.
1181 4599 1289 4672 scriptis
