3062 5174
462 243 580 302 CASUS
612 243 898 302 Ducnndnnmit.
1239 237 1299 304 333

36 429 193 491 potestas
227 421 516 492 excommunicandi,
550 423 581 478 in
615 437 659 479 se·
708 429 836 494 petrntee
855 423 892 478 nd
911 423 981 478 illos
1002 423 1092 478 inisse
1112 422 1228 492 fuerint,
1250 421 1298 478 de·

41 519 164 574 cundo
184 527 309 591 potestas
331 519 520 588 absolvend13
546 521 593 575 vel
614 519 659 574 di·
708 518 779 575 bees
800 520 948 576 absolutos
969 517 1075 575 hebere
1092 515 1126 592 ²).

40 629 127 684 eas,
165 616 242 688 quod
274 617 305 671 in
338 615 548 688 posterioribus
582 618 659 672 inoto

39 721 123 768 erat
152 715 260 770 mentio
287 715 434 784 priorum,
464 714 596 784 alioquin
618 720 712 768 essent
733 712 866 768 obtentae
887 713 975 768 toeitn
993 713 1131 781 veritato,
1160 720 1300 783 utsupra

39 810 126 864 eod.
146 811 268 866 Ueterum
282 809 322 885 (e.
335 806 378 885 3).
400 839 441 852 -
460 813 531 884 qood
545 813 644 866 iudicio
659 811 803 865 ecclesiae:
823 809 906 878 Noto,
929 809 1007 881 quod
1028 809 1109 864 uliud
1130 815 1173 865 est
1191 811 1297 879 iurare,

41 922 87 960 se
106 906 294 964 obediturum
309 909 470 979 praeceptis
485 909 639 976 eeclesiae,
662 915 690 962 et
704 907 786 962 eliud
806 908 911 975 iurare,
933 922 963 962 se
983 907 1077 977 ipsius
1097 907 1209 962 iudicio
1230 905 1298 963 obe·

43 1003 209 1074 diturum3
237 1005 331 1076 priori
357 1019 426 1060 oosu
448 1021 504 1060 non
527 1004 596 1060 lieet
615 1012 768 1076 propterea
789 1005 953 1076 appellere,
981 1011 1013 1060 ut
1032 1005 1110 1060 inire
1131 1003 1167 1060 de
1188 1006 1296 1077 appell.

45 1101 222 1163 Quaestione·
249 1098 289 1175 (c.
303 1097 373 1175 31),
403 1101 558 1173 posteriori
585 1109 697 1172 potest,
727 1109 760 1156 ut
788 1102 865 1156 inire
893 1100 929 1158 de
954 1102 1064 1174 appell.
1088 1102 1237 1158 Roetereo
1264 1103 1297 1156 de

47 1199 105 1253 nn
127 1195 169 1273 (ι.
184 1194 247 1274 32).

602 1301 762 1310 ...—

439 1459 489 1522 ro.
509 1463 537 1522 t.
576 1461 619 1520 lte
644 1461 921 1522 eonsuetudtno.

480 1605 519 1672 Ο.
543 1610 570 1672 1.
616 1611 805 1672 Consuetudo
826 1620 879 1670 eto.

512 1739 600 1794 Casus
614 1753 667 1811 per
681 1755 710 1794 se
725 1745 805 1812 potet
817 1735 851 1814 ¹).

497 1911 536 1980 C.
557 1914 588 1980 2.
639 1915 776 1977 onerum
804 1926 857 1977 eto.

96 2054 192 2110 Dotoe
212 2056 254 2110 rei
274 2056 412 2126 quantitas
432 2063 459 2110 et
477 2056 549 2110 iliius
563 2063 652 2108 terroe
743 2055 774 2109 Si
796 2053 886 2110 obbas
906 2069 971 2110 oum
986 2052 1162 2126 quibusdem
1177 2051 1213 2107 de
1228 2068 1295 2108 oon·

51 2153 237 2205 consuetudo:
259 2152 313 2206 Hie
335 2153 424 2222 igitur
446 2150 502 2208 duo
520 2150 652 2207 conside·
702 2157 789 2206 ventu
822 2151 1007 2206 donatiouem
1039 2151 1138 2206 iecerit
1168 2157 1197 2205 et
1226 2165 1294 2220 pors

51 2247 150 2302 raude
172 2255 238 2303 sunt
263 2249 294 2302 in
323 2247 529 2304 donationibus
557 2264 651 2303 rerum
702 2255 860 2303 conventus
881 2255 981 2318 posteo
1000 2247 1152 2315 reclamet,
1174 2261 1208 2301 eo
1228 2261 1294 2301 eon·

52 2345 337 2413 ecclesiastieorum
369 2361 436 2400 nom
467 2346 493 2400 si
521 2361 565 2400 res
592 2361 651 2400 mo·
701 2344 854 2400 suetudine
876 2345 934 2400 looi
963 2345 1109 2416 inspecte,
1138 2344 1209 2414 quia
1235 2359 1292 2398 non

52 2441 124 2496 dion
156 2442 258 2512 inerit,
293 2443 409 2498 facilius
441 2442 502 2497 eius
534 2441 651 2497 donatio
675 2473 679 2480 =
702 2443 739 2496 sit
767 2449 867 2497 eontra
894 2457 1034 2510 conones,
1066 2441 1162 2496 videri
1190 2448 1293 2513 potest,

51 2539 212 2608 toleretur,
245 2545 273 2594 et
300 2540 325 2594 si
354 2549 445 2595 terroe
473 2539 651 2595 consuetudo
702 2553 739 2593 en
761 2546 855 2594 tenent
876 2539 1024 2594 alienatio.

52 2635 234 2704 consentiet,
277 2637 392 2692 ieoiiius
432 2637 497 2708 ipse
532 2635 652 2691 donatio
891 2641 1104 2651 “““““·““

51 2733 258 2802 confirmetur3
283 2731 335 2788 sed
356 2742 384 2788 et
404 2735 479 2789 eliae
500 2749 602 2789 causae
624 2733 655 2787 in
677 2731 883 2788 donationibus
905 2731 1106 2800 attenduntur,
1129 2729 1292 2802 dequibus

51 2831 165 2900 legitur
184 2830 261 2885 infre
283 2829 319 2886 de
340 2831 464 2886 simonia
484 2831 549 2885 Etsi
569 2831 738 2903 quaestiones
766 2826 806 2902 (o.
820 2823 892 2903 20),
922 2827 957 2885 de
979 2829 1084 2901 quibus
1105 2827 1195 2883 habes
1216 2829 1293 2882 inire

52 2926 90 2980 de
113 2926 262 2982 donation.
284 2928 315 2982 in
336 2927 419 2982 illius
434 2928 477 2984 tit.
492 2944 618 2996 summa3
640 2927 735 2982 simile
750 2943 789 2982 ar.
807 2927 838 2982 C.
852 2925 946 2982 XVII.
965 2942 1012 2998 qu.
1027 2921 1047 2983 4
1063 2926 1155 2988 Queete'
1176 2920 1215 2998 (o.
1227 2919 1292 2997 41).

51 3040 186 3096 -quoe
214 3032 301 3078 temen
328 3027 415 3079 ιασνιζι
441 3025 587 3079 canonibus
614 3043 667 3079 non
694 3025 836 3096 manifeste
866 3024 968 3077 obviet:
1001 3021 1183 3090 Notandum,
1214 3021 1293 3093 quod

53 3120 193 3190 specialis
215 3121 393 3176 consuetudo
414 3121 474 3176 elin
494 3129 537 3176 est
557 3121 715 3178 seeundum
736 3123 844 3192 legem,
874 3121 934 3174 elis
955 3127 1069 3190 praetor
1096 3120 1204 3191 legem,
1232 3119 1292 3171 elie

53 3224 156 3272 eontra
176 3217 287 3290 legem3
314 3218 409 3288 primo
428 3217 580 3288 laudatur,
608 3217 737 3274 seeundo
756 3219 910 3286 toleretur,
939 3217 1023 3272 tertio
1047 3215 1234 3288 reprobatum
1255 3214 1291 3270 de

53 3315 151 3384 prime
170 3314 261 3369 habes
282 3331 370 3386 supro
391 3316 438 3369 Di.
453 3315 518 3370 VII.
540 3317 654 3370 Pimtra
675 3313 715 3388 (o.
730 3311 781 3388 7),
811 3315 846 3370 de
873 3313 1000 3370 secunda
1026 3313 1075 3369 hio
1097 3315 1126 3368 in
1148 3313 1241 3384 prino.
1264 3319 1292 3367 et

54 3427 143 3482 supra
158 3410 205 3466 Di.
219 3411 271 3466 XI.
293 3411 325 3466 In
346 3413 388 3466 tis
407 3413 486 3467 rebus
507 3407 547 3485 (o.
560 3408 603 3487 7),
626 3412 661 3467 de
682 3413 766 3468 tertia
788 3413 817 3466 iu
839 3412 895 3467 hoo
910 3412 1039 3482 capitulo
1053 3411 1083 3464 in
1100 3411 1147 3464 tin.
1164 3417 1190 3464 et
1204 3424 1292 3479 supro

54 3508 100 3562 Di.
110 3507 179 3562 ΧΠ.
193 3507 253 3563 Scit
265 3517 360 3564 saneto
375 3505 414 3583 (o.
423 3503 457 3582 3)
471 3515 499 3564 et
511 3509 588 3564 inira
603 3508 639 3565 do
655 3515 775 3564 sentent.
792 3515 820 3563 et
834 3525 863 3564 re
877 3509 967 3564 indie.
985 3507 1051 3563 Oum
1061 3524 1144 3563 ennea
1158 3504 1198 3580 (o.
1208 3501 1269 3580 10).

555 3715 794 3728 *nn—a·-

233 3923 289 3985 tto.
309 3925 342 3985 ii.
368 3925 412 3985 tit.
433 3927 460 3985 ι.
499 3925 544 3986 lto
571 3924 822 3986 restitutione
851 3923 1109 3999 spoliatorum.

503 4071 542 4138 C.
567 4076 595 4138 1.
637 4076 771 4136 Sollicite
790 4083 842 4136 ete.

91 4211 182 4266 Casus
203 4211 279 4264 sumi
298 4217 396 4282 potest
410 4227 446 4267 ex
460 4213 514 4267 illo
530 4229 554 4269 o.
570 4214 647 4268 infru
738 4214 809 4270 Cum
825 4213 859 4266 H.
875 4211 1017 4283 spoliatus
1035 4209 1073 4264 ob
1094 4208 1217 4264 eeclesia
1237 4222 1289 4262 suo

52 4305 115 4364 eod.
131 4305 234 4362 Audito
249 4301 289 4382 (e.
300 4303 335 4382 4)
356 4315 384 4366 et
405 4316 448 4364 est
468 4310 543 4366 talis.
578 4310 647 4378 Qui·
697 4317 779 4366 extro
799 4307 942 4365 iudicium
964 4313 992 4363 et
1010 4322 1105 4363 coram
1120 4321 1177 4361 non
1192 4303 1289 4361 iudice

126 4529 175 4583 Tit.
192 4529 219 4582 3.
239 4561 272 4570 -
308 4533 331 4597 Ι)
350 4531 416 4588 Ood.
437 4532 481 4586 Fr.
499 4547 553 4586 non
574 4532 656 4586 hebet
669 4549 717 4599 per
734 4550 767 4598 oe,
787 4549 856 4600 qnae
875 4533 957 4600 alies,
976 4531 1049 4584 etin
1068 4528 1142 4582 Mon.
1161 4529 1205 4581 hie
1224 4544 1289 4595 quo-

57 4619 110 4670 quo
130 4601 273 4654 adduntur.
