3074 5184
327 336 332 346 .
442 289 556 348 ursus
578 254 620 346 'u
670 291 746 348 rm.
773 285 875 350 Μ.
1065 281 1107 316 '⁸
1234 287 1274 352 to

57 461 285 548 inscriptionalis
301 464 349 540 ¹⁰),
372 473 408 525 ut
423 461 461 527 O.
472 461 534 527 ΠΙ.
557 466 645 549 qud
666 469 776 529 Nullus
792 467 830 546 (c.
846 465 894 545 2);
916 463 967 528 hic
990 464 1095 549 agitur
1109 464 1148 529 de
1162 465 1274 550 prim0,

58 570 129 636 infra
148 571 187 636 de
209 569 461 652 accusationibus
483 572 604 638 dicetur
626 573 665 638 de
687 573 836 638 secundo.
878 573 939 638 Est
960 595 1036 660 ergo
1057 573 1181 640 libellus
1199 595 1275 640 eon·

56 681 245 760 ventionalis,
266 683 299 746 in
327 703 390 766 quo
412 681 609 768 significatur
629 687 683 762 00),
712 683 751 748 de
773 706 836 768 qua
856 705 890 748 re
912 683 982 767 quis
1004 683 1136 748 civiliter
1157 687 1195 765 10)
1223 683 1275 750 vel

56 792 135 874 quasi
148 791 370 870 conveniatur3
396 791 606 877 „quusi“‘dixi
619 801 748 879 propter
762 811 875 858 causas
890 793 1077 886 spirituales.
1089 831 1129 882 ς-
1157 796 1214 872 )2.
1236 793 1276 857 In
1335 837 1340 842 -

55 899 147 965 libello
169 912 275 966 autem
297 902 451 973 contineri,
470 903 563 972 debet
583 925 720 989 persone
740 903 854 970 actoris
871 905 909 984 ¹³)
934 912 965 968 et
991 903 1052 982 rei,
1083 912 1114 968 et
1134 902 1168 966 id
1190 901 1275 986 quod

54 1010 233 1095 postulatur,
263 1021 300 1076 ut
319 1011 396 1098 Dig.
427 1013 467 1077 de
494 1013 540 1078 rei
567 1013 682 1078 vindic.
708 1019 743 1077 st
764 1021 797 1078 tn
816 1037 880 1077 rem
897 1013 934 1091 00)
964 1013 1016 1094 (L.
1032 1015 1082 1096 6),
1111 1011 1168 1077 sed
1189 1020 1221 1076 et
1236 1013 1273 1092 10)

54 1141 141 1184 eausa
165 1121 294 1206 petendi
310 1122 347 1200 10)
374 1123 549 1190 secundum
577 1123 751 1208 quosdam,
778 1143 821 1188 ar.
843 1121 921 1208 Dig.
951 1122 991 1189 de
1018 1143 1087 1187 exc.
1112 1115 1159 1188 rei
1178 1120 1274 1186 iudic.

53 1234 88 1292 Et
100 1253 140 1296 an
153 1237 256 1304 ecdem
271 1232 323 1311 (L.
341 1235 392 1313 14)
409 1236 464 1313 ¹⁷);
487 1233 683 1300 consuetudo
705 1243 812 1299 tamen
832 1231 928 1300 habet
950 1231 1114 1298 admittere
1133 1229 1275 1299 libellum

53 1361 108 1402 non
130 1362 280 1426 expressa
301 1362 398 1407 causa
415 1343 560 1428 petendi,
583 1365 627 1407 ar.
645 1341 723 1428 Dig.
742 1342 783 1408 de
806 1361 875 1410 exc.
896 1341 943 1406 rei
962 1341 1026 1408 iud.
1049 1347 1090 1405 Et
1111 1363 1154 1405 cn
1174 1346 1275 1407 eadem

54 1454 69 1525 ξ
87 1456 221 1514 Actiones
243 1457 273 1530 (ᾖ
288 1454 330 1532 2).
366 1451 536 1520 Actionem
553 1453 593 1536 10)
614 1460 719 1518 autem
741 1451 775 1516 in
795 1451 902 1516 libello
926 1449 1192 1536 comprehendere
1213 1472 1277 1514 non

51 1569 118 1642 puto
139 1559 334 1626 necessitatis
350 1563 405 1642 ¹⁹);
428 1562 485 1626 sed
499 1567 537 1640 00)
560 1571 592 1626 et
614 1563 710 1628 tutius
733 1571 781 1626 est
803 1561 900 1626 actori
922 1561 955 1626 in
976 1561 1082 1626 libello
1103 1581 1172 1626 non
1182 1560 1275 1625 edere

54 1653 198 1735 actionem
214 1649 263 1746 20).
286 1709 326 1718 -
369 1673 428 1748 53.
454 1669 537 1736 Dari
558 1681 663 1738 autem
685 1671 778 1738 debet
800 1681 831 1736 et
851 1671 884 1738 in
899 1674 938 1752 ²²)
959 1670 1179 1736 ecclesiasticis
1201 1691 1276 1736 oau-

53 1779 103 1855 sis,
131 1780 157 1844 si
178 1779 276 1842 fuerit
296 1779 474 1866 postulatus
489 1783 546 1861 ²³),
574 1791 611 1846 ut
630 1781 715 1848 infru
735 1781 805 1850 eod.
829 1786 921 1862 ().1;
945 1817 963 1830 ·
992 1780 1048 1848 Gr.
1071 1801 1098 1844 e.
1117 1783 1143 1848 1.
1165 1779 1209 1844 Π.
1232 1781 1275 1860 3),

53 1889 186 1970 quamvis
210 1898 242 1952 et
256 1890 294 1969 00)
318 1888 386 1954 sine
399 1890 469 1976 ipso
484 1890 522 1956 lis
543 1891 649 1956 valeat
663 1893 702 1972 00)
722 1890 907 1968 contestari,
929 1899 1074 1976 utsupra
1088 1889 1127 1954 de
1141 1888 1195 1953 off.
1210 1888 1274 1954 iud.

54 1997 144 2084 delcg.
154 2004 297 2062 Relatum
309 2004 348 2079 (c.
357 2001 413 2078 223
425 2036 444 2048 -
460 1998 781 2082 Gr.e.19.1.21).—
811 2003 868 2078 §d-
890 1999 1088 2064 Dariautem
1100 1997 1276 2064 debetante

52 2103 126 2170 litem
140 2116 350 2172 contestatam
358 2108 409 2190 ²⁶),
424 2122 459 2174 ut
470 2109 507 2176 O.
517 2109 579 2174 ΙΙΙ.
592 2133 644 2196 qu.
652 2113 682 2180 3.
695 2117 713 2190 ξ
728 2117 882 2194 offeretur
897 2107 1001 2190 (Grat.
1017 2109 1137 2172 dictum
1153 2107 1193 2174 ad
1208 2129 1235 2174 c.
1245 2109 1274 2176 4.

52 2216 113 2292 ts),
134 2217 220 2300 quod
235 2238 311 2282 vero
325 2217 360 2282 in
374 2217 437 2284 fine
451 2219 533 2286 illius
550 2220 749 2284 authenticae
757 2223 795 2300 ²⁷)
811 2219 925 2284 dicitur
939 2220 988 2299 00),
1010 2232 1046 2282 ut
1060 2219 1100 2298 ²⁹)
1122 2218 1185 2282 litis
1201 2239 1276 2282 eon·

52 2325 164 2390 testatio
185 2326 255 2392 sine
275 2325 382 2392 libello
403 2327 490 2394 facta
510 2353 574 2394 non
595 2330 715 2408 valeat,
737 2329 831 2394 hodie
854 2329 886 2394 in
909 2327 1130 2394 ecelesiasticis
1152 2328 1276 2394 iudiciis

52 2455 104 2496 uon
118 2445 262 2500 servetur
276 2438 326 2516 00).
341 2473 383 2484 -
419 2440 480 2516 §5-
500 2439 645 2504 Effectus
660 2418 757 2504 libeili
770 2421 828 2517 est,
850 2447 886 2502 ut
902 2439 1058 2503 actionem
1080 2437 1227 2503 annalem
1238 2439 1276 2518 31)

52 2554 205 2630 perpetuet
220 2547 277 2626 ³²),
297 2555 334 2610 ιι)
355 2555 403 2610 est
423 2546 608 2614 iniuriarum
630 2549 728 2627 actio,
751 2549 827 2634 quia
847 2549 896 2613 ius
918 2547 1032 2612 annale
1057 2547 1133 2613 data
1157 2547 1226 2634 regi
1237 2549 1276 2628 00)

52 2673 132 2736 prece
158 2665 381 2742 perpetuatur,
411 2665 448 2724 ut
476 2657 557 2723 Cod.
574 2658 612 2737 04)
642 2658 769 2742 qnando
796 2647 892 2748 libell.
921 2657 1020 2744 princ.
1042 2657 1106 2722 dat.
1122 2659 1161 2737 00)
1183 2658 1224 2721 L.
1239 2659 1276 2734 2;

52 2762 115 2828 item
136 2764 269 2830 effectus
291 2767 358 2832 eius
381 2777 444 2845 est,
473 2775 510 2832 ut
536 2767 636 2832 faciet
662 2787 731 2832 rem
753 2767 928 2854 litigiosam
955 2776 1064 2833 secuta
1084 2788 1141 2853 per
1162 2787 1277 2832 execu-

53 2880 140 2940 torem
161 2877 387 2956 conventione,
408 2889 444 2941 ut
465 2876 546 2942 Ood.
568 2876 608 2940 de
629 2876 709 2962 litig.
730 2877 830 2942 Auth.
854 2883 1001 2959 Lttiptosc
1022 2877 1076 2956 (ad
1096 2877 1138 2941 L.
1153 2880 1194 2958 1).

125 2988 185 3064 §6-
215 2985 301 3050 Illud
321 2987 355 3050 in
376 3009 500 3052 summa
517 2985 701 3065 notandum,
724 2987 852 3071 quodsi
868 2986 1276 3072 alienonominelitigatur,

54 3091 260 3162 inscribendus
275 3098 313 3178 ³⁶)
336 3105 401 3176 eet,
425 3097 515 3162 cuius
537 3097 665 3162 nomine
686 3097 836 3184 litigatur.

550 3259 567 3288 p
674 3291 676 3299 ι

56 3394 82 3444 od
97 3396 120 3446 in
136 3414 184 3461 quo
203 3414 251 3464 pst
268 3400 399 3454 incuriam
417 3397 524 3458 librarii,
537 3399 638 3452 desunt
654 3402 681 3452 in
699 3397 756 3452 Η)
778 3405 803 3452 et
822 3402 856 3452 in¹
868 3397 932 3466 Vi,
957 3401 1003 3465 qui
1023 3406 1049 3454 et
1067 3406 1127 3452 ante
1145 3401 1277 3450 conventio-

56 3464 108 3514 nolti
130 3469 265 3520 interserit
288 3467 389 3518 libellus.
458 3469 489 3530 10)
509 3467 557 3520 Li.
578 3475 657 3536 atque
676 3468 738 3520 Μο.
754 3464 809 3524 tet
821 3469 837 3524 3
850 3469 981 3534 innodatio.
1044 3469 1077 3532 ¹¹)
1096 3467 1146 3520 Vi.
1159 3471 1275 3536 siynctnr,

57 3535 118 3596 quod
140 3539 220 3588 etiam
242 3533 334 3592 Μο.2
358 3537 630 3606 ε)ιίρ)ἰῑ’1ἰ)ιι)ιίιιε,
654 3537 702 3590 sed
727 3536 785 3606 ipse
810 3541 930 3591 correxit.
1003 3537 1035 3594 ι0)
1056 3537 1108 3590 Ρ).
1133 3539 1206 3591 addit
1223 3555 1278 3588 con-

56 3603 159 3656 tentetur.
225 3605 257 3660 ¹³!
277 3605 464 3672 Lucumonis,
485 3607 704 3663 M0.3actionis.
768 3607 956 3666 ¹⁴tHa.iurc.
1027 3608 1060 3670 ι0)
1079 3606 1164 3660 Deest
1182 3611 1209 3662 in
1227 3607 1275 3662 Li.

59 3667 83 3730 Ι0)
99 3671 154 3725 Η).
168 3675 281 3740 petentis.
350 3677 383 3740 17)
402 3675 477 3740 Quae
497 3674 648 3743 sequuntur
667 3677 764 3729 desunt
783 3679 809 3728 in
829 3675 884 3728 Ha.
952 3677 984 3740 ¹⁸)
1003 3675 1056 3748 Pa.
1077 3677 1195 3741 actiones,
1214 3675 1271 3729 Η).

56 3741 216 3794 mmmm.
274 3744 306 3806 10)
325 3744 382 3798 Η).
402 3753 482 3812 atque
499 3745 552 3798 Pa.
571 3747 671 3798 habeut
688 3755 716 3796 nt
726 3755 787 3810 pute
805 3746 952 3796 necessitatis
969 3755 1011 3796 est.
1065 3745 1100 3805 00)
1120 3747 1165 3798 Sic
1183 3745 1244 3798 Μο.
1260 3746 1278 3802 2

58 3815 78 3858 el
95 3810 153 3876 Vi.;
173 3816 201 3870 in
221 3815 317 3868 ceteris
335 3815 418 3882 deest,
438 3822 464 3867 at
484 3818 575 3870 minus
593 3817 671 3870 bene.
720 3815 753 3874 ²¹)
765 3815 822 3868 Ha.
838 3817 1019 3870 remeationem.
1071 3815 1105 3877 00)
1118 3814 1167 3869 Li.
1182 3818 1278 3868 omittit

57 3881 130 3942 etin,-
152 3881 313 3938 motata
340 3901 387 3951 pro
411 3893 435 3933 et
453 3885 553 3938 habent
572 3885 652 3934 etiam.
724 3885 758 3948 ²³)
777 3883 830 3938 Pe.
846 3883 1013 3950 postulaverit.
1075 3883 1109 3949 04)
1129 3883 1177 3936 Vi.
1198 3885 1276 3950 enam,

57 3945 136 4004 Mat
161 3961 184 4001 et
206 3951 232 4002 ei
253 3951 312 4002 eine.
388 3953 422 4015 ²⁸)
440 3951 497 4005 Ha.
525 3959 551 4005 et
569 3951 621 4005 Pa.
643 3954 742 4006 habent
759 3971 807 4004 nen
832 3954 921 4005 venat.
989 3950 1023 4018 00)
1047 3952 1132 4007 Deest
1155 3956 1183 4006 in
1208 3954 1278 4020 Η),

57 4015 94 4092 uiti
112 4019 209 4086 legitur
227 4031 283 4072 ante
300 4019 363 4072 litem
380 4021 472 4072 debent.
526 4021 563 4084 01)
581 4021 615 4074 In
633 4021 718 4075 Oodd.
738 4026 880 4092 omnibus,
899 4029 1010 4092 excepto
1029 4039 1082 4075 uno
1101 4022 1164 4088 Ρ),
1180 4024 1279 4092 legitur

56 4095 109 4149 tut,
128 4106 208 4155 qnam
228 4091 339 4158 siglam,
357 4107 417 4144 cum
437 4093 470 4144 ad
483 4091 602 4144 Gratiani
616 4093 716 4144 dictum
735 4099 849 4161 spectet,
868 4095 905 4146 uti
925 4096 953 4146 in
971 4097 1095 4146 contextu
1113 4095 1280 4160 interpretari

56 4153 117 4208 haud
140 4158 276 4228 dubitavi,
301 4163 424 4228 quamvis
444 4159 564 4216 Gratiani
587 4161 658 4214 dicta
675 4159 884 4218 Decretistarum
910 4163 995 4216 ullum
1015 4161 1185 4216 Antheuticis
1207 4177 1278 4214 com·

58 4240 152 4288 parasse
172 4231 301 4284 nesciam.
355 4227 389 4294 00)
407 4229 464 4282 Η).
484 4229 591 4282 discitur.
646 4229 680 4291 ²⁹)
700 4229 791 4286 M0.3
810 4231 896 4284 dicitur
908 4231 958 4282 sine
970 4230 1050 4294 libello
1062 4231 1128 4282 utilis
1140 4231 1278 4282 contestatio

57 4309 94 4342 uon
113 4297 182 4349 valet.
219 4297 254 4354 00)
273 4297 331 4352 He·
352 4300 449 4354 etPe.
467 4301 614 4350 observatur.
651 4299 686 4364 ³¹)
706 4297 758 4352 Pa.
778 4301 822 4354 hic
841 4311 866 4354 et
885 4309 978 4368 postea
996 4299 1092 4350 caucia
1137 4297 1278 4364 ³²)Mc.3

57 4371 77 4409 ut
90 4364 197 4416 breonem
214 4368 324 4418 annalem
338 4370 449 4434 pertinet.
509 4369 543 4433 ³³)
562 4368 638 4422 Idem
656 4369 730 4436 reyes.
762 4369 860 4436 Regis,
880 4387 933 4422 non
951 4372 1089 4437 principis,
1108 4386 1123 4422 e
1140 4367 1277 4422 Bernardo

58 4431 104 4483 tisri
123 4439 295 4502 mentionem,
313 4444 410 4491 mirum
429 4445 499 4492 certe
517 4441 604 4506 possit
621 4439 720 4503 videm
741 4439 789 4491 sed
804 4442 862 4491 sine
880 4439 937 4490 ullo
957 4437 1090 4491 scribendi
1108 4438 1277 4508 compendio,

58 4515 107 4552 cum
124 4507 238 4558 verbum
257 4507 329 4559 istud
347 4509 375 4560 in
394 4509 520 4562 omnibus
539 4509 653 4560 occurrit
677 4509 830 4574 codicibus,
855 4507 929 4560 uolui
957 4509 990 4560 ab
1016 4509 1135 4576 ipsorum
1161 4509 1277 4560 lectione

60 4572 178 4627 recedere.
251 4575 286 4640 ⁸⁴)
313 4575 389 4640 Quae
420 4582 585 4644 sequuntur,
615 4577 714 4630 desunt
739 4579 767 4632 in
795 4575 885 4632 Mae
913 4589 1000 4643 usque
1032 4575 1065 4628 ad
1091 4577 1121 4628 de
1145 4577 1205 4644 lin'y.
1234 4585 1277 4627 ete.

60 4635 87 4700 0)
106 4640 158 4695 Η).
178 4652 205 4696 et
223 4643 275 4701 Pa.
294 4661 337 4710 qu.
354 4645 394 4697 lid.
411 4645 486 4712 poti.
548 4644 583 4710 00)
602 4646 695 4702 Mat
712 4646 899 4710 innitetdren,
916 4645 979 4699 Mo.
993 4645 1010 4700 3
1026 4646 1190 4712 tenuemus.
1248 4679 1252 4686 ·

1004 4739 1064 4818 3.
