3076 5176
226 189 285 253 164
498 193 693 250 BERNARDI
727 193 864 251 SUMMA
896 193 1183 252 DECBE'I'ALIUM.

229 391 293 433 non
315 368 423 453 exiget
444 365 595 446 debitum,
615 366 672 432 sed
693 377 840 432 exactum
852 369 890 447 ¹⁹)
912 366 1023 434 reddet
1034 370 1072 446 ²⁰)
1094 367 1203 446 uxori,
1230 375 1267 432 ut
1293 365 1380 432 infra
1393 366 1461 430 cod

230 479 292 544 c.2
314 487 345 541 et
365 475 450 541 infra
471 476 510 540 de
532 476 645 540 divort.
667 482 702 540 st
722 483 841 560 aliquis.
863 513 904 526 -
947 479 1014 554 32.
1049 475 1086 544 Si
1108 498 1183 542 vero
1206 475 1320 562 aliquis
1343 497 1463 562 eogno-

229 589 324 667 vit²¹)
347 587 396 652 sui
417 586 644 673 consanguinei
671 607 821 672 sponsam
846 586 948 668 vel²²)
976 587 1244 672 consanguineam
1266 607 1345 651 suae
1367 608 1463 671 spon-

227 718 297 774 sae,
326 705 420 782 puto,
450 697 535 780 quod
562 696 617 761 illa
627 698 666 778 23)
690 696 892 782 desponsatio
912 718 971 783 pro
992 697 1231 783 superveniente
1242 698 1281 777 ²⁴)
1305 695 1463 761 affinitate
1526 743 1528 754 .

228 806 329 891 possit
351 817 383 870 et
403 805 517 871 debeat
537 805 651 870 irritari
679 815 710 870 et
732 827 866 892 sponsus
889 829 909 872 a
929 808 1095 893 sponsa²⁵)
1125 806 1279 893 separari,
1307 807 1355 871 ita
1377 817 1412 870 ut
1423 807 1463 884 ²⁶)

226 915 320 980 liceat
340 916 382 994 ei,
410 938 492 1001 quae
513 937 578 981 non
598 915 753 1003 peccavit,
774 915 870 980 etiam
892 937 1009 1003 sponso
1030 917 1155 982 vivente
1170 915 1224 982 alii
1244 915 1406 1002 copulari,
1429 929 1466 979 ut

230 1023 314 1090 infra
332 1025 401 1090 cod.
428 1032 553 1090 Veniens
574 1031 613 1108 (o.
625 1029 661 1103 33
679 1063 696 1076 -
712 1025 769 1092 Gr.
785 1047 812 1090 c.
821 1028 851 1094 2.
865 1023 923 1090 IV.
935 1028 1003 1105 13);
1030 1025 1114 1091 idem
1142 1035 1189 1091 est
1216 1025 1243 1091 si
1265 1047 1386 1112 sponsa
1409 1037 1467 1090 tua

232 1133 380 1199 dormivit
390 1137 428 1216 ²⁷)
451 1155 524 1200 cum
545 1119 642 1201 fratis
664 1145 728 1200 tuo.
770 1135 814 1202 Et
832 1134 884 1200 hic
905 1145 953 1202 est
972 1158 1054 1201 unus
1076 1156 1178 1214 casus,
1200 1133 1255 1200 ubi
1276 1158 1415 1221 sponsus
1424 1135 1464 1214 ²⁸)

228 1254 332 1330 potest
353 1245 398 1309 sic
420 1245 484 1325 a29)
507 1267 625 1331 sponsa
644 1245 800 1332 separari,
830 1255 866 1310 ut
892 1267 931 1310 ea
957 1245 1083 1310 vivente
1104 1245 1204 1332 possit
1225 1244 1278 1310 aiii
1300 1244 1466 1331 copulari,

229 1375 325 1438 quam
347 1353 577 1420 distinctionem
599 1355 763 1441 posuimus
774 1357 812 1437 30)
844 1377 941 1440 supra
961 1353 1001 1419 de
1022 1354 1220 1442 sponsalibus
1241 1354 1274 1418 in
1292 1354 1356 1418 fine
1371 1353 1468 1418 tituli.

229 1461 295 1530 Sed
317 1464 412 1529 otiam
433 1465 478 1544 ei,
502 1465 556 1550 qui
576 1465 610 1530 in
631 1465 692 1530 hoc
712 1486 789 1530 casu
810 1463 958 1550 deliquit,
980 1465 1192 1550 dispensative
1201 1465 1238 1545 31)
1261 1463 1468 1550 permittitur,

228 1583 263 1637 ut
284 1573 379 1639 aliam
400 1573 544 1661 accipiat,
567 1575 594 1640 si
616 1584 722 1640 tamen
742 1595 893 1660 sponsam
904 1577 943 1656 ³²)
965 1597 1028 1640 non
1050 1573 1209 1662 cognovit,
1231 1581 1267 1638 ut
1287 1573 1374 1638 infra
1394 1574 1467 1639 eod.

232 1689 358 1748 Veniens
379 1689 419 1766 (c.
434 1687 477 1767 3).

703 2041 875 2128 eltutus
900 2043 984 2128 xlv.

462 2233 507 2293 Its
538 2233 870 2308 consanguinitate
901 2235 936 2294 st
968 2233 1171 2294 affinitate
1194 2231 1227 2309 ¹).

312 2425 447 2512 Egimus
470 2425 509 2491 de
531 2426 721 2513 cognatione
742 2425 897 2512 spirituali
924 2435 955 2491 et
982 2425 1093 2514 legali3
1122 2447 1207 2491 nunc
1234 2427 1396 2514 agendum
1420 2437 1468 2493 est

230 2537 269 2602 de
291 2537 424 2616 carnali,
455 2559 535 2621 quae
563 2537 631 2616 in²)
661 2535 934 2621 consanguinitate
962 2545 993 2601 et
1022 2535 1175 2602 affinitate
1196 2537 1356 2615 consistit,
1379 2538 1467 2601 unde

229 2648 317 2733 prius
339 2647 480 2712 dicamus
493 2649 517 2728 3)
541 2646 580 2710 de
595 2645 878 2732 consanguinitate,
900 2655 1011 2732 postea
1025 2645 1065 2711 de
1083 2646 1245 2712 affinitate.
1287 2647 1465 2713 Videamus

228 2757 333 2843 igitur,
350 2757 426 2841 quid
443 2757 484 2822 sit
504 2756 772 2842 consanguinitas,
794 2755 870 2841 quid
880 2756 906 2837 4)
927 2755 1011 2822 linea
1025 2767 1056 2821 et
1070 2757 1145 2842 quid
1161 2757 1279 2844 gradus
1291 2759 1326 2838 ⁵),
1351 2757 1462 2841 quot⁶t

229 2868 294 2932 sint
314 2867 415 2932 lineae
438 2875 470 2931 et
491 2875 568 2950 quot
589 2866 653 2930 sint
673 2865 801 2952 gradus,
823 2874 855 2930 et
875 2867 1009 2950 qualiter
1018 2869 1043 2948 ⁷)
1066 2867 1269 2953 computandi
1294 2877 1379 2932 sunt.

314 2985 332 3054 S
357 2982 383 3043 ts
428 2975 697 3061 Consanguinitas
724 2984 773 3040 est
792 2996 998 3062 personarum
1024 2977 1186 3042 vincsslum
1208 2976 1247 3042 ab
1270 2977 1385 3042 eodem
1409 2977 1461 3041 sti·

228 3087 294 3172 pite
315 3086 587 3164 descendentium,
610 3086 727 3150 carnali
738 3087 763 3164 υ)
785 3085 1015 3174 propagatione
1042 3095 1238 3151 contractum
1245 3111 1255 3163 ;
1284 3086 1426 3172 stipitem
1437 3087 1460 3166 9)

228 3196 300 3260 dico
324 3217 501 3282 personam,
525 3217 544 3260 a
565 3217 629 3279 qua
649 3195 762 3280 reliqui
773 3199 810 3276 10)
834 3195 1029 3262 descendunt
1041 3199 1088 3276 ¹¹).
1105 3233 1144 3246 -·
1181 3203 1199 3272 S
1221 3197 1251 3263 2.
1286 3195 1395 3262 Linea
1417 3205 1461 3260 est

223 3305 366 3369 ordinata
384 3304 527 3370 collectio
540 3323 747 3390 personarum
761 3305 1034 3392 consanguinitate
1048 3305 1227 3370 iunctarum
1239 3308 1287 3386 ¹²),
1313 3305 1456 3372 diversos

225 3413 343 3500 gradus
365 3415 527 3480 continens
556 3423 587 3480 et
616 3436 670 3480 eos
700 3414 740 3482 ab
768 3415 889 3482 unitate
911 3415 1027 3502 stipitis
1049 3415 1223 3482 secundum
1244 3436 1397 3482 numeros
1418 3416 1462 3480 di·

227 3705 261 3766 ¹⁰)
281 3706 326 3758 Sic
343 3705 389 3757 Li.
408 3712 434 3758 et
452 3704 556 3770 Mo.2;
581 3707 661 3758 ceteri
682 3714 780 3756 exactus
802 3705 847 3759 vel
872 3715 896 3757 et
915 3715 1020 3757 mactus
1092 3705 1126 3770 ²⁸)
1144 3701 1233 3760 Mai
1258 3705 1328 3755 debet
1350 3705 1460 3756 reddere.
1523 3695 1524 3706 ¹

227 3775 263 3840 21)
282 3774 336 3826 Pa.
355 3776 497 3842 coyaoaarit.
567 3775 601 3840 ²²)
620 3774 726 3828 Excidit
744 3777 772 3827 in
791 3774 845 3827 Pa.
915 3775 950 3840 ²³)
969 3773 1062 3830 Mas
1087 3776 1143 3826 s'sta.
1212 3774 1247 3840 ²¹)
1271 3773 1318 3826 Li.
1344 3775 1463 3840 superad-

226 3844 347 3906 amcam
369 3848 397 3898 in
417 3844 464 3897 Vi.
488 3845 564 3898 deest
584 3861 640 3910 pro.
711 3845 745 3902 ²⁵)
764 3844 810 3897 Li.
836 3845 979 3912 repetendo
1004 3844 1078 3897 addit
1094 3845 1186 3895 &dent
1256 3841 1290 3909 ²⁶)
1310 3843 1368 3896 Ha.
1389 3845 1461 3910 qaod.

227 3913 261 3978 ²¹)
281 3913 333 3964 Pa.
354 3923 380 3967 et
398 3913 488 3971 Μο.2
505 3914 648 3966 demiserit
720 3915 754 3974 ²⁸)
773 3913 864 3969 Mo.2
883 3917 979 3967 omittit
996 3915 1038 3965 oti
1054 3931 1168 3980 sponsas,
1188 3921 1267 3981 atque
1287 3929 1349 3966 mox
1368 3923 1462 3982 prout

225 3983 291 4049 legit
308 3991 338 4035 et.
390 3983 528 4046 29)Μο.3
547 4001 600 4038 non
619 3985 699 4037 habet
717 3984 760 4034 sic.
813 3981 915 4044 δῦ)Ριι.
929 3999 1065 4049 postumae.
1118 3981 1255 4050 81)Μο.3
1273 3983 1459 4048 dtspaasatioae.

227 4051 261 4114 ῃ)
280 4051 329 4105 Li.
348 4055 444 4106 vitiose
461 4070 580 4119 posnam,

299 4137 347 4190 tta.
366 4137 407 4190 14.
429 4173 460 4183 -
496 4141 521 4205 ¹)
543 4139 635 4194 Mas
653 4139 726 4191 addit
744 4139 885 4204 adnomen.
942 4141 968 4206 ²)
987 4139 1035 4192 Li.
1054 4141 1151 4192 omittit
1169 4140 1203 4192 sit.
1256 4139 1282 4204 ³)
1301 4137 1357 4191 Ha.
1377 4139 1460 4191 video-

224 4223 284 4259 mas.
346 4208 372 4272 ⁴)
398 4207 455 4262 Ha.
479 4225 548 4274 quoa.
614 4209 639 4273 ⁵)
659 4207 709 4259 Vi.
739 4211 835 4262 omittit
862 4225 930 4277 quae
955 4216 1105 4276 sequuntur
1129 4225 1216 4276 usquc
1241 4209 1274 4261 ad
1299 4218 1322 4258 et
1346 4209 1457 4273 qualiter.

224 4273 250 4340 ⁸)
271 4275 363 4333 mas
381 4279 496 4344 etquid,
513 4284 592 4344 atque
611 4293 672 4330 mox
692 4279 822 4331 similiter.
886 4279 912 4344 ¹)
931 4277 964 4330 In
983 4279 1118 4330 summula
1136 4278 1169 4332 de
1190 4279 1302 4330 matrim.
1321 4281 1376 4330 sic:
1402 4279 1460 4344 qaid

225 4346 289 4397 lasea
312 4357 335 4398 et
357 4357 416 4412 quot
435 4347 518 4410 lineae,
538 4346 599 4410 qaid
612 4345 706 4414 prodas
722 4357 747 4397 et
771 4356 839 4412 quot,
866 4357 889 4398 et
906 4347 1022 4412 quomodo
1040 4355 1082 4400 etc.
1139 4347 1166 4410 11)
1185 4345 1217 4400 In
1236 4346 1291 4399 Pa.
1310 4347 1409 4398 casati
1424 4349 1456 4399 ad
1521 4403 1522 4410 χ

223 4419 370 4483 marginem
388 4415 676 4483 expostadditumest.
720 4415 746 4480 ⁹)
766 4416 822 4468 Ha.
842 4417 931 4468 adiicit
948 4425 1034 4468 autem.
1080 4417 1113 4479 ιο)
1132 4415 1300 4480 SicMo.3;
1320 4419 1349 4468 in
1362 4420 1455 4470 ceteris
1521 4433 1522 4450 *

223 4485 313 4550 aliqui,
339 4501 418 4552 quam
438 4486 579 4538 lectionem
600 4485 675 4537 illius
696 4483 761 4538 Ood.
780 4487 928 4538 auctoritati
946 4485 1161 4554 postponendam
1181 4503 1243 4538 esse
1262 4487 1365 4554 censui,
1384 4502 1456 4554 prae·

224 4557 315 4607 sertim
334 4571 395 4608 cum
416 4557 442 4606 in
462 4552 489 4605 S.
508 4555 542 4607 de
568 4559 642 4606 matr.
668 4553 746 4621 plane
772 4554 849 4608 desit.
920 4555 956 4620 ¹¹)
982 4555 1095 4608 Summa
1117 4553 1151 4608 de
1178 4563 1252 4607 matr.
1277 4551 1452 4612 meust
