3098 5184
226 181 280 240 xl.
709 176 985 233 PRAEFATIO

226 364 257 422 et
277 373 355 440 quae
376 356 407 418 iu
427 353 520 418 altera
541 352 678 417 columna
699 358 817 431 munt,
843 371 861 414 a
881 353 1112 432 recentioribus,
1142 354 1221 435 quod
1242 353 1312 419 mihi
1334 354 1455 434 videtur,

228 485 327 549 neque
356 465 454 530 omnia
482 463 519 526 ab
548 464 655 526 iisdem
684 461 798 526 adiecta
826 462 977 533 maribus,
1008 463 1232 546 haudquaquam
1262 472 1396 548 spectant
1425 465 1457 527 ad

225 579 307 658 ipsos
334 574 450 638 libellos
478 573 509 636 in
537 572 642 636 codice
670 572 756 635 nobis
785 579 930 635 servatos.
973 573 1053 635 luter
1084 573 1240 653 Summae,
1275 575 1402 638 Casuum
1431 582 1459 638 et

225 686 436 763 Quaestionum
464 683 625 765 scripturas
654 681 733 744 nulla
762 685 889 744 interest
917 681 1081 760 diversitas,
1116 684 1186 764 quin
1214 691 1244 747 et
1265 684 1363 748 media
1383 685 1459 748 inter

227 797 282 860 ista
313 793 450 858 adnotata
481 792 557 857 haec
588 797 764 856 occurrunt:
798 793 933 870 Εηιίσίι
963 795 1019 855 hcc
1051 803 1148 858 totam
1171 813 1229 872 per
1256 813 1368 858 merua
1394 798 1461 874 Ibo,-

226 905 291 988 quis
313 921 386 968 vero
407 903 494 966 luerit
514 903 602 966 totius
631 901 698 965 libri
724 901 868 983 scriptor,
896 907 927 964 et
954 920 993 964 an
1021 901 1097 966 lorte
1126 903 1204 966 idem
1232 911 1320 986 atque
1348 905 1460 987 isipse

225 1014 368 1078 Dominus
379 1031 405 1076 s.
420 1013 562 1097 Magister
576 1012 713 1090 loannes,
729 1011 813 1074 cuius
827 1009 947 1092 pluries,
964 1019 994 1075 et
1007 1011 1101 1074 semel
1118 1012 1235 1094 quidem
1256 1011 1370 1076 adiecta
1385 1015 1462 1096 sigla

226 1127 356 1200 Httden,
378 1124 497 1188 notulae
519 1122 588 1186 illae
611 1121 720 1184 iaciunt
739 1121 931 1200 mentionem,
953 1121 984 1183 in
1004 1121 1136 1203 illiquido
1158 1131 1213 1186 est.
1256 1123 1398 1187 bernardi
1424 1144 1462 1188 ex

228 1234 370 1317 opusculo
399 1241 476 1296 totus
503 1232 601 1296 codex
628 1233 686 1295 iam
712 1229 828 1313 pridem
853 1233 967 1312 accepit
988 1250 1115 1311 nomen,
1145 1251 1211 1295 cum
1233 1234 1263 1296 in
1285 1235 1463 1316 compagine

226 1345 330 1409 litteris
352 1342 559 1406 vetustissimis
581 1349 669 1424 atque
691 1340 755 1404 fere
780 1341 914 1404 extinctis
943 1341 1077 1423 legamus
1106 1342 1198 1404 baec:
1241 1343 1307 1406 Saia
1327 1345 1369 1404 Μ.
1391 1346 1462 1407 Bh‘.

226 1476 290 1536 sup.
312 1457 467 1532 moreat,
489 1457 577 1534 atque
598 1453 629 1513 E
649 1454 722 1514 tiber
743 1461 888 1530 quorem
912 1453 1062 1514 recentior
1084 1460 1131 1515 est
1152 1469 1248 1532 eaque
1270 1450 1361 1532 lalsa,
1383 1471 1463 1535 quae

227 1582 343 1630 summo
371 1563 402 1626 in
428 1562 517 1625 dorso
544 1561 673 1625 occurrit
700 1561 852 1644 signatura
872 1559 932 1638 ⁸³):
972 1567 1106 1625 Berncr.
1135 1563 1225 1624 Circa
1252 1560 1296 1642 ᾧ.
1316 1567 1381 1644 [συ.
1396 1569 1464 1628 cot-

229 1679 323 1738 tectio.
366 1671 515 1734 Columnis
537 1670 631 1750 binis,
661 1671 818 1733 maximam
839 1677 954 1752 partem
975 1671 1016 1738 52
1038 1671 1085 1734 vel
1105 1670 1146 1738 53
1166 1671 1325 1750 linearum,
1355 1675 1465 1756 scripta

227 1790 274 1848 est
294 1800 425 1863 summa3
453 1779 594 1843 librorum
620 1796 761 1843 numeros
788 1798 806 1842 a
834 1779 953 1843 librario
983 1781 1031 1844 vel
1054 1781 1209 1844 miniatore
1236 1782 1273 1844 ad
1294 1784 1463 1865 marginem

227 1911 371 1976 nosquam
401 1889 535 1954 videmus
567 1890 756 1972 designatos,
786 1897 875 1972 atque
908 1890 1015 1954 desunt
1048 1890 1274 1972 quaternionum
1306 1893 1465 1974 custodes3

224 2003 366 2068 librorum
386 2001 595 2080 titulorumque
615 1999 752 2062 rubricae
773 2005 834 2061 tum
855 2000 930 2062 intra
950 1999 1053 2079 lineas,
1079 2007 1141 2062 tum
1162 1999 1200 2063 ad
1221 2002 1387 2083 marginem
1409 2002 1463 2065 ad·

225 2118 302 2192 sunt,
324 2127 429 2174 omnes
448 2109 540 2173 rubro
563 2108 680 2188 colore,
708 2126 766 2190 quo
788 2115 818 2171 et
838 2109 987 2172 titulorum
1008 2110 1127 2174 initialia
1148 2116 1237 2191 atque
1257 2110 1461 2192 paragrapho·

226 2239 293 2286 rum
313 2220 401 2302 signa
421 2219 537 2301 impiata
558 2224 635 2281 sunt.
670 2216 846 2282 Additiones
868 2218 965 2281 codex
987 2217 1107 2282 exhibet
1129 2219 1379 2301 quamplurimas,
1402 2227 1465 2282 tam

226 2328 433 2395 interlineares
462 2346 550 2410 quarn
577 2327 767 2410 marginales.
811 2327 920 2391 Earum
947 2329 1067 2391 minima
1089 2348 1156 2411 pars
1179 2330 1216 2393 ab
1238 2329 1329 2410 ipsius
1350 2327 1465 2392 codicis

225 2439 345 2503 librario
367 2437 483 2502 videtur
503 2438 635 2518 adiecta,
666 2439 716 2520 qui
740 2437 854 2502 lacunis
875 2438 1030 2502 meudisve
1051 2439 1197 2502 medelam
1218 2437 1277 2501 hoc
1298 2438 1386 2502 modo
1410 2457 1463 2501 cu-

226 2549 335 2612 raverit
349 2547 560 2630 adhibendam3
583 2554 702 2612 ceterae
717 2565 822 2611 omnes
837 2548 935 2628 alium,
957 2549 1121 2612 sedunum
1144 2548 1331 2630 eundemque
1351 2547 1464 2612 babent

227 2659 413 2740 scriptorem,
440 2657 470 2721 id
492 2657 571 2741 quod
592 2665 651 2722 tam
672 2675 711 2720 ex
731 2657 891 2720 litterarum
921 2657 1015 2721 forma
1045 2659 1194 2721 coniicere
1223 2657 1292 2722 licet
1313 2676 1400 2739 quarn
1423 2676 1463 2720 ex

227 2775 407 2842 atramento,
436 2785 490 2847 eo,
521 2785 580 2849 quo
607 2774 706 2830 textus
733 2783 866 2830 summae
895 2769 1077 2850 conscriptus
1099 2775 1161 2847 est,
1185 2768 1275 2830 multo
1298 2766 1460 2849 pallidiore.

227 2877 336 2942 llarum
350 2877 539 2957 additionum,
555 2895 632 2959 quae
645 2876 774 2939 rariores
789 2875 859 2938 inde
873 2895 891 2938 a
905 2875 967 2938 Lib.
982 2877 1039 2957 lll.,
1063 2877 1160 2942 nullae
1174 2885 1242 2959 post
1261 2879 1302 2940 tit.
1318 2878 1356 2940 de
1370 2895 1461 2958 spou-

228 2987 338 3054 salibus
360 2987 480 3064 adsunt,
502 2994 599 3050 utrum
620 2986 645 3048 is
666 2986 731 3067 ipse
752 2985 789 3048 sit
811 2991 930 3064 auctor,
960 2988 1010 3068 qui
1032 3005 1084 3051 eas
1107 2987 1305 3051 bernardinae
1326 3005 1462 3050 summae

228 3098 400 3180 adscripsit,
429 3115 467 3162 an
495 3115 568 3160 vero
595 3095 645 3158 bic
673 3112 725 3160 eas
753 3093 870 3158 aliunde
899 3096 1076 3160 desumserit
1097 3097 1251 3179 etquibus
1274 3096 1459 3178 exscriptis,

228 3225 295 3272 curn
317 3207 388 3272 mibi
407 3206 532 3290 primum
555 3205 718 3270 obvenerat
739 3205 837 3269 codex
849 3205 1012 3285 Patavium,
1036 3223 1073 3268 eo
1088 3207 1183 3270 minus
1200 3206 1358 3270 enucleare
1374 3205 1464 3284 valui,

229 3336 287 3402 quo
310 3317 453 3382 maiorem
474 3317 617 3398 scriptura
637 3314 816 3379 multimodis
834 3315 994 3380 verborum
1010 3316 1191 3396 compendiis
1207 3323 1324 3380 scatens
1340 3315 1462 3396 legendi

227 3427 368 3510 praebeat
395 3425 618 3504 difficultatem,
638 3441 737 3506 neque
758 3423 853 3501 ullae,
884 3425 961 3506 quod
984 3425 1124 3505 viderim,
1147 3432 1305 3490 occurrant
1326 3431 1462 3488 veterum

229 3538 428 3620 glossatorum
449 3534 553 3616 siglae.
596 3532 681 3596 Nunc
702 3551 785 3614 vero,
807 3535 938 3615 inspecta
958 3535 1087 3616 interim,
1112 3536 1182 3599 licet
1203 3537 1317 3615 obiter,
1338 3534 1465 3602 btmtsl

228 3665 361 3726 summa,
391 3661 452 3708 non
474 3643 592 3726 quidem
616 3660 669 3725 pro
692 3649 773 3706 certo
794 3643 965 3723 habuerim,
996 3645 1051 3708 sed
1072 3664 1125 3727 pro
1149 3645 1369 3723 verisimillime,
1392 3645 1463 3708 inde

230 3774 300 3823 esse
320 3755 439 3820 illorum
468 3753 551 3836 quasi
580 3753 794 3836 glossematum
822 3760 935 3835 partem
963 3755 1106 3818 maiorem
1134 3754 1344 3837 depromptam.
1387 3753 1464 3816 Nam

230 3885 306 3951 quae
334 3864 495 3948 praefando
524 3863 666 3928 Damasus
694 3862 821 3946 profert,
850 3881 887 3926 ca
916 3863 981 3926 fere
1006 3863 1203 3945 verbotenus,
1234 3865 1303 3928 licet
1325 3881 1385 3927 nou
1403 3882 1465 3927 unc

229 3984 351 4056 tenore,
381 3974 435 4038 sed
457 3975 494 4038 ad
516 3973 635 4038 diversa
654 3973 800 4056 prooemii
821 3972 995 4036 Bernardini
1016 3973 1106 4038 verba
1128 3974 1253 4038 redeunt
1273 3976 1304 4037 in
1325 3971 1465 4037 Patavino

231 4085 336 4152 codice
351 4083 410 4164 Β4),
441 4084 625 4166 eandemque
647 4083 794 4166 originem
815 4101 852 4146 ea
873 4082 1020 4164 redolent,
1046 4101 1123 4166 quac
1143 4091 1210 4164 post
1229 4084 1271 4148 tlt.
1295 4084 1332 4148 de
1354 4102 1465 4148 renuu-

266 4362 300 4428 ⁸³)
320 4361 380 4415 Hae
399 4361 535 4417 retulerim
554 4361 600 4416 Nr.
612 4361 689 4418 XCV
706 4364 799 4416 intimo
818 4364 846 4414 in
864 4362 944 4416 dorso
964 4367 1160 4430 occurrentem,
1183 4379 1236 4430 quo
1255 4365 1323 4426 (uon
1340 4379 1404 4416 vero
1416 4361 1465 4429 83)

318 4447 440 4504 Pertzius
458 4449 577 4504 codicem
595 4449 777 4504 Nicolatinum
799 4450 934 4516 signatum
953 4466 1015 4502 ease
1034 4450 1120 4502 refert

266 4536 301 4606 ⁸⁴)
320 4537 365 4592 Sic
377 4538 448 4590 enirn
462 4536 495 4588 ad
506 4553 531 4590 v.
544 4534 576 4588 ln
588 4535 654 4588 caiae
666 4536 763 4588 ceordic
777 4551 859 4603 supra
871 4535 942 4588 linea
955 4535 1073 4588 additum
1087 4543 1127 4589 est
1141 4536 1201 4603 quid
1216 4537 1254 4588 iar
1270 4535 1308 4599 rit,
1329 4537 1464 4605 signoque
