3074 5184
454 217 569 274 LIBER
592 218 615 274 Ι.
665 217 740 273 TIT.
768 211 909 278 31-33.
1271 213 1310 278 29

81 389 219 478 suscepit
240 399 306 471 est,
327 401 364 458 ut
378 393 416 472 ¹³)
439 400 583 458 teneatur
602 400 635 458 et
655 392 816 458 conveniri
835 392 936 478 possit
956 392 996 458 de
1015 413 1051 458 re
1070 391 1156 478 ipsa,
1179 391 1260 458 sieut
1279 401 1311 457 et

79 501 210 588 primus.

163 613 219 690 §I
233 610 318 676 Illud
328 610 361 675 in
372 633 497 678 summa
506 611 690 691 notandum,
706 612 792 697 quod
800 613 990 697 quandoque
1000 611 1037 676 fit
1047 611 1194 677 alienatio
1204 633 1262 676 nee
1271 612 1308 688 ¹⁴)

77 718 174 784 habet
197 719 303 785 locum
331 721 393 786 hoo
421 721 574 799 edietum,
602 730 638 786 ut
658 721 686 786 si
706 723 818 788 maluit
834 726 871 804 ”)
892 745 927 788 re
949 744 1055 788 oarere
1071 724 1108 798 ¹⁶)
1130 743 1227 806 quam
1247 721 1310 786 liti-

76 851 171 914 gare,
200 830 253 895 vel
274 830 315 896 ob
336 831 566 908 valetudinem,
589 840 724 896 aetatem
740 835 777 912 ¹⁷)
801 833 853 898 vel
873 833 1067 898 necessariae
1088 833 1310 917 occupationes

74 938 160 1004 licite
176 943 214 1020 ¹⁸)
244 941 277 1004 in
306 940 402 1006 alium
431 941 607 1019 transtulit,
634 949 670 1004 ut
693 939 771 1026 Dig.
801 943 869 1007 eod.
892 948 967 1006 Item
998 943 1050 1024 (L.
1071 944 1120 1023 4),
1150 941 1201 1008 vel
1217 943 1254 1022 ¹⁹)
1283 942 1310 1006 si

76 1049 228 1116 alienavit
249 1059 281 1115 et
300 1059 374 1136 post
393 1051 606 1137 recuperavit,
627 1059 663 1116 ut
682 1050 761 1138 Dig.
783 1051 852 1118 eod.
873 1057 923 1117 Eo
943 1058 1010 1116 hoe·
1021 1051 1073 1134 (L.
1088 1054 1132 1132 8).

1078 1200 1083 1235 l

525 1311 697 1396 'IIIIIIIIX
722 1313 865 1396 XXXIII.

583 1487 624 1546 re
645 1486 802 1546 arettas.

128 1638 326 1744 ‘Expedita
361 1662 603 1746 praeparatoriis
631 1662 819 1726 iudiciorum
854 1659 895 1726 ad
921 1668 1089 1726 tractatum
1121 1661 1308 1726 iudiciorum

72 1777 119 1831 est
131 1771 155 1848 ¹)
181 1769 371 1834 veniendum
377 1795 386 1848 3
419 1771 475 1836 sed
496 1772 645 1856 quoniam
665 1771 816 1836 iudicium
837 1770 1065 1850 voluntarium,
1087 1771 1174 1856 quod
1194 1772 1309 1836 dieitur

72 1877 232 1958 arbitrale,
255 1881 375 1966 gratius
387 1885 411 1960 ’)
434 1902 503 1946 esse
518 1881 606 1959 solet,
629 1904 724 1966 quam
739 1881 962 1959 necessarium,
985 1881 1071 1966 quod
1080 1883 1104 1961 3)
1115 1881 1307 1946 ordinarium

72 1988 268 2073 appellatur,
299 1991 411 2055 merito
441 1991 480 2055 de
510 1990 633 2056 arbitris
647 1991 672 2071 ⁴)
702 1991 949 2077 praemittamus.
999 1990 1172 2058 Videamus
1200 1991 1306 2078 igitur,

70 2099 146 2180 quid
170 2099 296 2165 dicatur
316 2099 495 2178 arbitrium,
525 2101 595 2186 quis
617 2099 717 2186 possit
745 2123 813 2166 esse
842 2099 973 2180 arbiter,
1002 2101 1042 2166 de
1070 2123 1134 2186 qua
1154 2121 1205 2180 re,
1234 2101 1305 2185 quis

73 2207 196 2272 arbitrii
218 2208 359 2275 effeetus.

153 2325 175 2398 ξ
190 2322 217 2385 1.
239 2318 416 2384 Arbitrium
427 2329 474 2385 est
485 2329 660 2386 transactus
669 2323 692 2402 5)
708 2343 914 2408 personarum
927 2320 986 2388 sub
999 2321 1305 2407 compromissa-iot)

70 2425 177 2493 iudioe
191 2428 392 2514 litigantium.
407 2467 449 2478 -
481 2432 541 2508 §2
562 2429 693 2496 Arbiter
714 2452 783 2496 esse
804 2441 908 2517 potest
930 2432 984 2517 qui
998 2453 1063 2496 non
1076 2428 1260 2516 prohibetur
1269 2433 1304 2507 ⁷),

69 2546 146 2620 puta
167 2537 266 2602 homo
294 2537 389 2616 liber,
416 2539 658 2625 paterfamiliae,
687 2539 908 2606 filiusfamilias
923 2542 963 2622 8);
993 2540 1177 2628 prohibetur
1198 2549 1304 2605 autem

70 2647 202 2725 mulier,
224 2657 260 2712 ut
282 2647 363 2714 cod.
386 2649 455 2714 eod.
468 2650 517 2714 L.
541 2651 597 2714 ult.
604 2698 614 2729 ,
636 2650 738 2715 minor
758 2649 832 2714 XX
854 2651 961 2730 annis,
982 2661 1018 2715 ut
1035 2649 1112 2736 Dig.
1135 2650 1204 2715 eod.
1228 2655 1304 2714 Cam

70 2763 129 2837 leae
151 2757 209 2837 (L.
224 2759 295 2836 41);
323 2759 399 2824 item
420 2758 604 2846 prohibetur
624 2760 720 2825 iudex
746 2761 938 2838 ordinarius,
967 2781 1076 2825 servus
1090 2762 1133 2840 ⁹),
1156 2759 1303 2838 furiosus,

70 2867 186 2932 surdus
202 2875 233 2930 et
246 2876 363 2947 mutus,
384 2891 449 2934 uon
463 2879 569 2936 tamen
582 2869 711 2935 libertus
727 2869 778 2934 vel
792 2869 930 2949 infamis,
951 2878 986 2934 ut
999 2869 1077 2955 Dig.
1092 2869 1161 2934 eod.
1177 2875 1306 2934 Poediaa

71 2975 121 3056 (L.
137 2980 192 3056 7),
222 2981 285 3042 Sed
303 2991 330 3042 et
352 2978 405 3058 (L.
421 2981 453 3060 9)
475 2983 575 3058 §tet
589 2981 618 3046 2.
636 2981 673 3060 ¹⁰)
695 3016 737 3026 -
786 2981 849 3058 §a
881 2979 920 3043 Iu
936 2981 973 3058 ¹¹)
1001 2979 1184 3064 pecuniaria
1207 2999 1304 3044 eausa

68 3096 151 3152 recte
176 3085 219 3152 ad
241 3086 374 3153 arbitros
395 3089 473 3167 itur,
494 3098 530 3153 ut
551 3087 635 3154 infra
655 3088 724 3154 eod.
746 3091 786 3169 (o.
804 3093 839 3165 t;
855 3125 873 3138 -
897 3087 954 3156 Gr.
968 3111 999 3152 n.
1014 3092 1058 3174 p.)
1080 3089 1165 3154 idem
1179 3097 1262 3174 puto,
1271 3101 1303 3151 et

68 3195 297 3284 inspirituali,
320 3207 453 3284 excepta
473 3197 664 3263 matrimonii
685 3219 798 3276 eausa,
821 3197 860 3262 de
884 3220 947 3282 qua
967 3197 1009 3262 ad
1029 3196 1162 3262 arbitros
1183 3197 1221 3262 iri
1237 3219 1306 3272 non

69 3305 165 3384 solet3
198 3286 232 3370 in
260 3306 413 3372 criminali
442 3316 546 3372 autem
574 3316 605 3372 et
631 3307 665 3372 in
692 3327 790 3373 eausa
818 3316 918 3372 status
947 3305 1062 3372 arbiter
1084 3307 1162 3372 adiri
1178 3311 1215 3387 ¹²)
1238 3329 1302 3370 non

71 3413 181 3497 debet,
203 3424 240 3480 ut
258 3415 336 3502 Dig.
358 3415 427 3481 eod.
448 3421 519 3480 Noa
538 3421 750 3497 distingueremus
772 3416 824 3499 (L.
839 3418 893 3497 32)
917 3422 1089 3496 §Iulianas
1109 3426 1141 3482 et
1156 3419 1193 3497 ¹³)
1216 3421 1235 3496 ξ
1257 3423 1304 3480 De

71 3531 193 3592 liberali
215 3529 247 3606 (ξ
262 3527 281 3593 6
296 3535 328 3592 et
341 3527 385 3608 7).
407 3563 447 3574 -
490 3529 553 3606 §l-
573 3525 717 3592 Effectus
740 3525 860 3592 arbitrii
875 3525 912 3608 ¹⁴)
936 3527 1007 3592 talis
1028 3536 1085 3592 est.
1116 3525 1152 3594 Si
1173 3525 1301 3611 quidem

70 3777 109 3818 ert.
165 3767 201 3831 ¹²)
220 3767 306 3822 Deest
322 3771 349 3822 in
367 3767 424 3822 Ha.
478 3769 511 3833 ¹⁸)
529 3768 618 3825 Mol
639 3778 665 3823 et
683 3769 731 3822 Vi.
750 3769 852 3822 addunt
869 3777 899 3821 et.
953 3767 986 3834 ¹⁴)
1005 3767 1095 3825 Μο.3
1114 3769 1301 3835 qooadofital.

71 3854 123 3888 aaa.
182 3837 216 3902 ι’)
236 3838 324 3894 Mol
346 3846 372 3891 et
390 3839 438 3891 Vi.
457 3838 573 3890 maluerit.
628 3837 661 3902 Ι’)
680 3839 729 3892 Vi.
748 3857 778 3890 ea
795 3855 891 3900 carere,
911 3837 1001 3894 Μο.3
1017 3855 1135 3891 recusare.
1192 3839 1224 3903 ¹⁷)
1244 3839 1301 3894 Ha.

71 3914 95 3958 et
112 3906 167 3960 Pa.
191 3908 286 3958 aetates.
338 3909 372 3972 ¹⁸)
391 3907 436 3962 Sic
453 3908 599 3976 legendum
618 3925 678 3961 esse
692 3925 804 3972 censeo;
825 3908 909 3961 Codd.
923 3908 977 3961 litte
988 3914 1014 3961 et
1031 3908 1071 3959 lite
1085 3911 1185 3962 habent
1197 3925 1300 3962 omnes.

72 3973 101 4038 19)
121 3976 212 4033 Μο.2
231 3985 257 4029 et
273 3977 290 4032 3
307 3977 369 4030 itera.

142 4061 192 4114 Tit.
204 4055 247 4115 33.
266 4093 299 4102 -
337 4067 358 4127 ¹)
377 4063 408 4116 In
427 4065 554 4116 omnibus
573 4061 657 4116 codd.
676 4081 815 4132 perperam
833 4073 892 4128 erat,
912 4071 1015 4130 praeter
1033 4065 1095 4117 Μο.
1104 4064 1130 4132 2,
1149 4067 1194 4132 oui
1213 4074 1254 4128 est,
1274 4071 1300 4117 et

72 4129 133 4198 Vi,
154 4135 202 4200 qui
220 4141 344 4186 neutrum
367 4135 454 4186 habet
508 4133 530 4198 ²)
549 4131 581 4185 In
599 4133 647 4185 Vi.
667 4133 733 4198 quod
748 4134 835 4185 dicitur
852 4133 980 4197 arbitrale,
1006 4135 1033 4186 in
1052 4133 1141 4190 Μο.3
1160 4135 1226 4198 quod
1242 4134 1300 4184 diei-

70 4208 106 4249 rar
125 4205 300 4270 omittuntur,
320 4205 402 4270 quiet
420 4219 467 4269 pro
486 4203 576 4258 verbis
593 4204 689 4268 pretias
709 4219 760 4252 esre
779 4221 892 4258 vaenum
912 4203 1064 4270 spatiolum,
1084 4211 1164 4270 atque
1182 4206 1215 4255 ed
1233 4221 1299 4256 mar·

71 4298 159 4362 glnem
177 4289 253 4364 ᾆοεόε
265 4298 384 4350 additum
394 4298 510 4352 exhibet.
546 4296 827 4363 ³)Ha.additquidem.
855 4297 1091 4364 arremaro.
1127 4297 1299 4361 paroeat

72 4366 229 4419 Mansuetus.
264 4365 606 4432 ⁶)Mo.3compromiseorio.
641 4367 665 4432 ⁷)
684 4367 757 4420 Idem
770 4367 1028 4433 euinoaprolibitam.
1065 4369 1087 4428 ⁸)
1099 4367 1182 4419 Deest
1191 4367 1299 4419 ibidem.

71 4433 92 4492 ⁹)
111 4436 156 4488 Sio
174 4435 319 4502 legendum
339 4453 399 4490 esse
419 4446 445 4490 et
465 4454 514 4504 per
534 4455 563 4490 se
588 4443 660 4502 patet
677 4445 703 4490 et
725 4440 883 4494 confirmant
901 4438 992 4491 Mat
1011 4445 1037 4488 et
1054 4436 1085 4500 3;
1106 4438 1184 4488 ceteri
1205 4452 1299 4488 omnes

72 4503 170 4558 habent
188 4505 360 4556 interserens
382 4507 527 4558 ordinarius.
582 4506 615 4566 ¹⁰)
634 4507 680 4557 Li.
698 4507 744 4556 sed
765 4516 789 4556 et
799 4506 827 4558 S.
846 4507 879 4558 di.
889 4505 925 4556 II
939 4515 962 4556 et
978 4505 1032 4556 III.
1087 4505 1127 4564 Ιι)
1150 4503 1207 4556 Ha.
1226 4513 1249 4554 et
1265 4505 1299 4556 in.

73 4571 105 4636 ¹²)
122 4574 170 4627 Li.
191 4582 252 4642 post
269 4575 313 4626 adi
328 4591 442 4628 vacuum
461 4575 569 4628 exhihet
588 4576 741 4642 spatiolum.
797 4577 829 4642 ¹³)
849 4576 937 4632 Mo.3
956 4585 979 4626 et
996 4575 1039 4627 rel.
1089 4575 1121 4639 ¹⁴)
1140 4573 1186 4626 Li.
1200 4574 1299 4626 arbitra
