3098 5184
554 247 785 330 morconis.
1177 247 1288 306 xnvm

72 423 141 505 quod
161 423 250 504 tiber,
279 422 350 487 licet
378 423 512 488 rubricas
538 425 724 508 initialesqua
752 423 809 488 bah
830 430 860 488 at
880 424 1029 507 impietas,
1059 425 1200 489 revisioni
1222 443 1288 490 cor-

71 534 204 596 rectoriae
226 532 303 596 haud
324 534 411 596 luerit
439 534 604 615 subiectus,
636 553 704 598 nam
732 443 832 598 medii
859 535 889 597 in
911 536 951 598 tit.
974 535 1012 598 ne
1034 535 1147 616 poenis,
1174 538 1224 618 qui
1243 537 1287 600 in-

71 645 190 707 numeris
211 649 304 706 scatet
325 642 438 706 lacunis
460 644 645 726 mendisque,
667 644 814 726 librarius,
837 635 901 708 sive
916 644 1020 708 morbo
1038 652 1202 726 correptus,
1224 645 1288 708 sive

71 753 120 818 alia
140 773 177 818 ex
196 769 285 817 causa
306 753 474 835 impeditus,
496 773 513 818 a
534 755 685 836 proposito
707 755 816 819 destitit
836 755 1000 837 librumque
1019 754 1137 837 reliquit
1152 772 1288 818 mancum

69 870 148 944 atquc
168 863 308 926 mutilum.

142 972 221 1034 llaec
248 973 286 1036 de
314 973 455 1037 Breviorii
477 973 597 1039 Summa
626 981 657 1038 et
677 973 791 1038 Glossis
820 974 929 1038 dixisse
951 973 1085 1038 sufficiet.
1128 973 1288 1037 hamunde

68 1079 250 1162 hauserimus,
274 1099 350 1172 quap
372 1083 428 1146 alia
450 1085 579 1146 auctoris
600 1085 694 1149 nostri
715 1083 858 1147 anecdota
880 1083 987 1166 publici
1001 1085 1073 1146 iuris
1088 1082 1187 1147 lacere
1204 1083 1287 1146 nobis

69 1190 156 1254 dutum
178 1199 234 1271 est,
256 1193 358 1274 paucis
379 1194 566 1275 attingamus.
1134 1203 1138 1212 '

141 1301 186 1364 lll.
230 1301 412 1368 Bernardum
441 1303 616 1384 Pupiensem
637 1303 758 1384 insuper
786 1301 842 1365 alia
871 1319 962 1384 opera
993 1301 1031 1366 de
1058 1303 1122 1366 iure
1144 1304 1288 1366 canonico

68 1409 245 1493 coniecisse,
275 1413 361 1494 plane
391 1429 498 1474 nonum
527 1420 572 1476 est
599 1419 687 1494 atque
708 1413 877 1476 inauditum.
920 1411 1034 1476 Etenim
1060 1411 1108 1474 vel
1130 1414 1288 1494 sagacissi-

68 1535 125 1583 mus
145 1519 248 1584 harum
277 1539 377 1585 uerum
405 1529 606 1603 perscrutator
631 1523 670 1589 hl.
693 1521 829 1604 llerllus,
858 1529 976 1603 praeter
996 1521 1151 1586 Lanlranci
1171 1523 1201 1584 in
1223 1521 1289 1604 Epi-

68 1637 179 1711 scopatu
201 1631 337 1714 Pupiensi
357 1633 556 1696 antecessoris
578 1633 676 1711 vitam,
696 1633 974 1696 commentariorum
990 1638 1101 1694 tanturn
1124 1631 1193 1695 facit
1206 1650 1290 1695 men·
1385 1621 1389 1630 ’

67 1740 182 1822 tionem,
212 1760 290 1824 quac
310 1742 487 1822 Bernartius,
516 1743 632 1806 iamiam
657 1744 687 1804 in
708 1744 818 1824 patriae
846 1741 928 1805 urbis
956 1741 1059 1804 sedern
1089 1741 1288 1805 cathedralem

66 1858 227 1930 reuocatus,
258 1869 348 1933 super
375 1851 576 1916 Ecclesiasten
597 1853 808 1933 conscripserit
835 1859 865 1914 et
893 1851 1012 1915 Cantica
1034 1852 1219 1914 canticorum
1233 1849 1287 1930 ⁹²),

67 1977 152 2041 neque
180 1961 273 2024 ullum
299 1961 441 2026 hacteuus
472 1963 520 2026 vel
541 1962 618 2042 apud
640 1963 776 2044 antiquos
798 1961 846 2026 vel
868 1960 944 2043 apud
964 1962 1148 2024 recentiores
1169 1957 1289 2024 canoni·

68 2075 117 2132 stus
128 2070 197 2134 nnihi
209 2071 315 2153 obtigit
325 2072 445 2136 aliarum
457 2072 730 2154 scriptiuncularum
745 2071 884 2135 indicium
896 2070 1109 2154 qualecunque.
1133 2070 1200 2152 lpse
1216 2087 1288 2133 vero

68 2177 221 2244 heruardus

139 2292 169 2366 1)
191 2289 303 2372 pluries
317 2290 347 2352 in
363 2291 465 2354 maiori
480 2309 533 2354 sua
548 2291 712 2369 summa⁹³)
734 2291 771 2355 ad
786 2307 838 2356 eas
853 2291 997 2354 lectorem
1012 2291 1141 2367 remittit,
1156 2307 1230 2371 quas
1244 2289 1289 2354 de

68 2401 302 2463 matrimonio
325 2407 355 2463 et
369 2399 411 2463 dc
433 2400 633 2464 electione
648 2401 754 2466 iecerit
767 2401 938 2465 summulas.
965 2400 1050 2474 Quod
1065 2419 1131 2463 curn
1148 2399 1217 2462 mihi
1232 2400 1289 2463 tta-
1410 2395 1416 2410 “

67 2504 167 2571 lenseun
183 2509 319 2572 codicem
335 2510 520 2591 perlustranti
536 2511 591 2575 ium
608 2518 675 2575 aute
690 2511 746 2574 hos
758 2512 860 2593 viginti
871 2528 964 2575 annos
977 2512 1145 2584 innotuerit,
1161 2509 1291 2572 simulat-

69 2633 118 2696 que
131 2619 226 2682 cudex
239 2619 392 2684 Petelinos
408 2620 445 2683 ad
460 2640 507 2684 me
522 2623 665 2703 peruenit,
681 2621 711 2684 in
725 2621 802 2684 hanc
816 2621 893 2684 haud
909 2638 1004 2684 novae
1020 2621 1145 2702 originis
1160 2619 1290 2682 notulam

69 2724 162 2805 incidi,
191 2730 307 2810 primae
328 2728 415 2793 huius
436 2730 502 2794 libri
524 2732 649 2812 paginae
670 2731 855 2812 inscriptam:
886 2734 924 2793 R.
940 2733 1070 2794 Samma
1088 2733 1123 2792 de
1143 2733 1289 2808 electione,

70 2837 186 2902 Sammo
207 2843 247 2901 cie
267 2845 474 2903 matrimonio.
519 2841 683 2905 Sciscitanti
704 2841 787 2918 mihi,
818 2859 856 2904 en
878 2839 970 2920 forte,
994 2857 1070 2923 quae
1093 2857 1131 2902 ex
1152 2838 1290 2902 Patauino

71 2943 134 3010 libro
155 2949 301 3012 exciderit
321 2949 470 3031 particula,
493 2951 620 3014 seorsim
641 2958 758 3014 servata
779 2949 866 3014 luerit
887 2950 1011 3031 illasque
1033 2949 1197 3012 servaverit
1211 2965 1290 3011 surn-

72 3055 168 3138 mulus,
197 3060 317 3124 nuntius
344 3059 462 3124 relatus·
477 3067 539 3140 est,
565 3079 614 3122 me
636 3077 731 3124 vanae
753 3060 872 3142 quidem
894 3061 1083 3123 coniecturae
1103 3077 1139 3124 ac
1160 3058 1225 3139 spei
1246 3059 1290 3122 in-

71 3162 199 3246 dulsisse,
223 3169 279 3231 scd
299 3170 503 3252 perantiquam
524 3188 651 3252 eamque
672 3188 847 3252 anonymam
863 3170 901 3233 de
916 3169 1100 3233 matrimonio
1115 3167 1290 3232 summulam

70 3271 93 3333 in
117 3293 152 3338 eo
180 3276 295 3341 Primae
326 3279 447 3359 codice,
487 3281 571 3344 cuius
602 3281 660 3343 iarn
688 3279 852 3362 Phillipsius
882 3297 921 3342 ex
948 3279 1060 3360 Regiae
1093 3277 1290 3342 bibliothecae

70 3379 138 3448 tibris
157 3388 363 3470 manuscriptis
394 3389 499 3454 lecerit
519 3390 699 3454 mentionem
721 3391 808 3468 (cod.
824 3390 872 3454 lat.
894 3388 987 3470 8302,
1011 3387 1088 3452 lion.
1105 3387 1231 3472 August.
1243 3389 1289 3470 2),

73 3552 335 3568 Ἃ*-

143 3668 203 3701 osor
221 3661 264 3703 tuo
281 3652 400 3704 contrabit
415 3653 631 3718 compaternitatem
649 3670 700 3704 com
721 3652 820 3718 aliquo,
845 3671 899 3704 meo
915 3661 1010 3703 mortuo
1027 3668 1074 3701 non
1088 3667 1186 3716 possam
1204 3649 1290 3700 ducere

143 3737 224 3801 illom5
246 3739 375 3804 secundus,
399 3740 482 3807 siege
501 3750 524 3791 et
541 3757 672 3790 enormem
695 3741 807 3792 habemus
823 3739 906 3803 filium
929 3754 1083 3802 commum,
1108 3736 1193 3786 mulier
1216 3735 1290 3787 ausci-

141 3825 211 3889 pr'enu
229 3825 296 3878 illium
306 3827 343 3889 fit
358 3836 485 3878 commater
501 3828 584 3878 worth
600 3843 673 3892 meae,
693 3837 716 3878 et
732 3843 779 3878 non
792 3843 891 3892 porrum
908 3825 994 3876 dooere
1012 3824 1086 3876 illota.
1116 3823 1152 3875 Et
1168 3823 1213 3874 hoe
1230 3824 1291 3874 duos

144 3911 236 3962 ultimos
248 3930 318 3964 cusos
329 3923 397 3964 notat
407 3913 445 3964 tte
457 3914 600 3966 uersiculos:
619 3913 715 3980 Recpoo
728 3931 790 3980 puae
801 3923 906 3964 noebrtm
918 3913 1012 3964 cuiusve
1025 3911 1089 3962 koot
1102 3927 1155 3961 mea
1166 3920 1255 3964 notum.

98 3991 128 4060 ⁹²)
146 3995 183 4051 Ol.
212 4003 303 4053 strom
325 4000 343 4052 1.
356 4018 379 4055 e.
405 4003 456 4054 sub
474 4001 550 4054 XIV.
569 3999 620 4068 §ll
645 4018 705 4070 pag.
724 4001 784 4056 305.
807 4029 839 4038 -
882 3999 982 4052 Eorum
1007 4001 1113 4052 initium
1138 4015 1170 4052 ex
1195 3997 1290 4051 biblio-

143 4085 234 4140 thecae
258 4085 434 4141 Taurinensis
461 4087 526 4141 coo.
546 4086 579 4144 ’13
603 4089 654 4141 hoc
679 4106 740 4141 esse
765 4088 855 4140 relert:
881 4084 973 4152 Incipit
990 4085 1105 4151 expositio
1122 4101 1195 4151 super
1211 4083 1291 4136 Iesum

138 4170 218 4231 filliam
236 4171 310 4224 Sirac
327 4191 343 4224 e
361 4173 492 4226 Beraordo
511 4173 631 4240 Episcopo
649 4173 771 4240 Popiensi.
802 4173 863 4224 Poot
875 4191 999 4240 pomorum
1018 4181 1120 4223 ueterum
1138 4183 1161 4223 et
1177 4189 1291 4223 nouorum

143 4274 205 4310 uum
223 4259 249 4310 in
266 4261 412 4326 repositione
433 4261 583 4314 Contionacum
601 4278 637 4311 me
655 4262 727 4326 guasi
743 4261 843 4312 otiosum
862 4261 945 4312 iterum
968 4277 1058 4326 sponsa
1082 4276 1170 4310 nocane
1187 4258 1291 4324 sapten-

147 4344 194 4396 tr'oe
212 4346 347 4398 manarum
365 4366 383 4398 a
401 4347 470 4416 lonpo
489 4331 649 4400 oetenrlit'etc.

100 4421 130 4490 ⁹³)
148 4428 186 4483 et.
208 4431 321 4486 Summa
338 4434 462 4488 decretal.
480 4434 541 4488 Lib.
555 4433 604 4488 111.
623 4437 661 4488 tit.
675 4434 711 4491 28
728 4436 756 4488 in
773 4437 790 4487 i.
809 4438 849 4503 (p.
861 4433 923 4499 113)
942 4440 968 4486 et
985 4434 1025 4485 tit.
1038 4431 1072 4488 29
1088 4433 1115 4484 in
1129 4433 1147 4484 1.
1168 4434 1208 4498 (p-
1221 4430 1292 4498 tit),

146 4515 206 4572 Lib.
220 4517 268 4572 lv,
289 4521 370 4576 titii
389 4523 418 4574 in
436 4523 454 4574 1.
473 4525 510 4589 (p.
532 4520 608 4592 161),
632 4529 712 4590 alque
730 4521 793 4576 Lib.
807 4520 829 4574 1.
851 4519 920 4574 oct
938 4520 965 4572 in
982 4519 999 4570 1.
1019 4520 1057 4586 (p.
1074 4517 1104 4584 8)
1122 4523 1149 4570 et
1165 4515 1227 4570 Lib.
1241 4515 1291 4572 111.

148 4603 214 4662 oct
232 4608 259 4661 ia
272 4609 289 4660 1.
308 4610 347 4676 (p.
359 4605 415 4672 72).
