3076 5176
447 241 563 296 LIBER
591 241 642 295 111.
685 241 759 296 TI'I'.
786 235 926 299 21-22.
1268 235 1308 300 97

68 413 147 478 inde
169 411 326 498 excipitur
346 420 569 478 testamentum
589 413 696 478 militis
710 413 759 492 33),
782 415 867 498 quod
881 413 1061 479 huiusmodi
1082 413 1306 479 sollemnitates

67 545 138 588 non
167 523 313 608 requirit,
342 530 377 586 ut
399 521 479 588 Cod.
509 523 549 587 de
575 532 698 588 testam.
724 523 830 588 militis
855 530 1046 608 Quamquam
1070 523 1122 605 (L.
1138 526 1179 605 3).
1225 523 1307 590 Sunt

68 643 180 697 autem
201 632 370 697 necessarii
392 629 459 695 VII
480 641 591 711 testes,
619 642 655 698 ut
677 632 757 699 Cod.
780 634 849 698 eod.
872 641 941 699 Hor
962 640 1087 699 consult.
1102 635 1142 715 33)
1165 634 1220 716 (L.
1236 636 1305 713 2t);

66 743 146 806 inde
178 743 333 828 excipitur
361 751 599 820 testamentum,
628 744 713 826 quod
741 743 777 807 fit
804 753 968 829 praesente
997 744 1209 830 Imperatore,
1239 745 1306 808 eius

67 853 157 916 enim
180 852 358 938 praesentia
378 851 497 920 sufficit
517 875 575 938 pro
597 852 743 918 omnibus
766 853 1043 932 sollemnitatibus,
1075 863 1109 918 ut
1132 853 1212 920 cod.
1235 854 1304 918 eod.

70 969 223 1026 Omnium
245 962 296 1041 (L.
315 965 383 1042 19);
412 962 487 1026 inde
504 964 543 1042 33)
566 963 765 1050 excipiuntur
786 973 974 1030 testamenta
985 964 1024 1046 33)
1046 965 1250 1042 rusticorum,
1273 963 1306 1026 in

68 1071 190 1155 quibus
212 1071 374 1136 sufficiunt
395 1072 533 1156 quinque
555 1081 664 1151 testes,
686 1083 722 1138 ut
745 1073 826 1140 Cod.¹
848 1075 917 1139 eod.
939 1075 980 1139 L.
1003 1075 1058 1138 ult.
1101 1073 1209 1138 Hodie
1231 1095 1306 1138 vero

69 1181 105 1244 in
128 1181 195 1260 his,
225 1203 306 1266 quae
328 1181 519 1264 ecclesiis2⁷)
541 1183 775 1268 relinquuntur,
804 1184 867 1248 duo
879 1185 921 1267 33)
948 1193 1042 1250 testes
1065 1184 1242 1262 sufficiunt,
1272 1193 1308 1248 ut

65 1291 156 1356 infra
186 1291 254 1355 eod.
285 1295 361 1355 Oum
391 1293 433 1373 (c.
449 1295 485 1368 93
509 1329 527 1342 ·
552 1291 607 1359 Gr.
630 1315 657 1358 c.
682 1295 721 1360 10
743 1293 849 1373 ibid.),
885 1301 1028 1360 Relatum
1056 1297 1099 1377 (c.
1123 1296 1178 1372 103
1202 1317 1233 1358 v.
1257 1298 1305 1370 a).

67 1403 135 1474 Sl.
172 1400 285 1465 Restat
305 1401 427 1480 videre,
451 1402 521 1486 quis
542 1403 643 1488 possit
664 1403 769 1468 facere
790 1413 1021 1482 testamentum,
1045 1404 1130 1488 quod
1151 1404 1227 1468 satis
1251 1425 1302 1488 ap·

68 1509 199 1594 parebit
216 1513 272 1592 33),
295 1511 322 1575 si
340 1511 513 1612 dixerimus
529 1513 585 1593 ³⁰),
619 1513 673 1597 qui
701 1536 765 1578 non
786 1513 968 1600 possint³¹).
1011 1513 1094 1578 Nam
1117 1534 1190 1578 ecee
1205 1513 1307 1596 quiin

69 1621 178 1684 aliena
200 1630 438 1706 estpotestate,
472 1632 695 1688 testamentum
722 1623 827 1688 faeere
855 1645 918 1688 non
939 1631 1059 1709 potest,
1088 1633 1123 1687 ut
1145 1645 1254 1688 servus
1276 1633 1307 1687 et

67 1729 312 1808 filiusfamilias3
332 1731 405 1796 inde
428 1732 584 1818 excipitur
597 1731 817 1797 filiusfamilias
838 1733 927 1797 miles
946 1735 1002 1811 33),
1025 1733 1079 1817 qui
1101 1733 1140 1797 de
1155 1732 1305 1797 castrensi

67 1840 198 1924 peculio
219 1840 271 1904 vel
293 1841 384 1924 quasi
410 1843 562 1906 castrensi
581 1852 686 1928 potest
719 1843 854 1907 condere
873 1845 911 1922 33)
941 1851 1180 1920 testamentum,
1209 1851 1244 1906 ut
1272 1843 1306 1905 in

67 1949 150 2013 Inst.
167 1949 254 2032 quib.
269 1972 333 2014 non
353 1966 401 2015 est
414 1972 513 2036 perm.
534 1952 596 2018 fao.
611 1962 734 2018 testam.
755 1953 789 2017 in
810 1953 908 2039 princ.
928 1954 983 2034 33);
1011 1953 1087 2016 item
1102 1953 1129 2017 si
1143 1955 1184 2035 33)
1206 1951 1305 2016 filius-

68 2058 211 2124 familias
240 2059 336 2124 habet
363 2061 511 2126 salarium
533 2083 578 2126 ex
605 2063 780 2149 patrocinio
809 2084 994 2145 causarum,
1028 2063 1062 2126 in
1089 2083 1126 2126 eo
1147 2063 1188 2141 33)
1215 2061 1307 2145 quasi
1385 2050 1389 2054 ¹

69 2170 228 2234 castrensi
249 2171 357 2234 testari
377 2179 490 2256 potest,
513 2181 549 2235 ut
565 2171 645 2238 Cod.
669 2173 708 2238 de
730 2173 840 2238 advoc.
864 2173 978 2236 divers.
998 2172 1092 2236 iudic.
1109 2175 1187 2236 Fon·
1202 2172 1256 2250 (L.
1272 2174 1305 2252 4)

68 2290 100 2344 et
125 2283 204 2344 Cum
227 2287 382 2345 advocatis
401 2281 455 2361 (L.
470 2285 502 2360 8)
525 2291 557 2346 et
572 2281 652 2347 Cod.
675 2283 714 2346 de
738 2282 949 2348 assessoribus
975 2289 1060 2346 Velut
1076 2282 1130 2363 (L.
1146 2285 1198 2364 7);
1229 2282 1305 2344 item

67 2389 242 2475 prodigus,
269 2390 320 2454 cui
341 2389 496 2456 bonorum
525 2401 572 2456 est
594 2392 822 2457 administratio
844 2392 1026 2470 interdicta,
1057 2400 1088 2456 et
1116 2391 1244 2455 omuino
1263 2392 1304 2471 33)

67 2499 186 2563 surdus
207 2507 239 2562 et
253 2508 358 2564 mutus
368 2501 409 2581 33)
433 2501 603 2566 factionem
626 2503 805 2567 testamenti
818 2503 855 2582 33)
878 2524 943 2566 non
963 2500 1097 2578 habent,
1123 2511 1159 2564 ut
1178 2501 1212 2564 in
1225 2500 1309 2606 Ιιιι)ἱ

67 2608 157 2692 quib.
180 2631 245 2674 non
267 2617 315 2674 est
334 2631 433 2696 perm.
455 2609 516 2676 sao.
539 2620 609 2676 test.
630 2613 663 2675 in
677 2613 794 2696 prino.;
815 2612 890 2676 item
901 2611 950 2691 33),
973 2611 1027 2694 qui
1041 2609 1175 2696 propriis
1189 2600 1305 2673 renun-

71 2719 209 2796 tiaverit,
230 2729 267 2782 ut
287 2719 469 2799 monachus,
494 2721 650 2786 monacha
661 2721 712 2802 33),
734 2721 887 2808 regularis
903 2721 1073 2785 canonicus
1089 2729 1120 2784 et
1134 2741 1305 2784 conversus

67 2837 262 2893 testamenta
288 2829 394 2894 faeere
423 2853 488 2895 non
515 2841 663 2916 possunt,
694 2841 729 2896 ut
751 2831 789 2897 C.
805 2830 897 2895 XIX.
920 2853 972 2914 qu.
994 2833 1014 2898 3
1038 2837 1116 2914 Quia
1134 2831 1173 2910 33)
1201 2835 1304 2910 inpre-¹

67 2943 217 3002 clientibus
239 2943 278 3019 (c.
293 2943 324 3032 7)
347 2949 379 3004 e't
399 2941 432 3004 in
447 2941 599 3006 Authent.
624 2946 662 3022 (o.
678 2945 710 3021 9)
732 2945 855 3018 §Nunc
876 2955 976 3006 autem
990 2941 1030 3021 33)
1060 2945 1090 3022 (S
1105 2943 1147 3019 l),
1171 2947 1202 3003 et
1220 2939 1305 3003 infra

69 3049 141 3112 eod.
167 3054 247 3132 Quia
269 3054 308 3130 (c.
323 3051 359 3126 33
375 3087 394 3099 -
411 3049 467 3116 Gr.
483 3072 510 3114 c.
526 3053 546 3118 2
561 3050 661 3126 ibid.),
703 3050 830 3135 Reliqui
859 3059 1080 3114 testamentum
1103 3049 1208 3114 facere
1230 3071 1304 3135 pos-

68 3167 153 3236 sunt,
170 3158 247 3242 quia
261 3137 440 3244 quicunque
454 3183 518 3226 nou
532 3160 715 3247 prohibetur
730 3169 953 3225 testamentum
967 3161 1005 3241 33)
1030 3159 1135 3226 facere
1155 3158 1240 3224 valet
1252 3159 1302 3239 33),

74 3403 351 3412 ——.-..-—-—-—-

69 3563 183 3626 ¹²ffla
202 3563 242 3613 vel
253 3563 344 3628 plures.
396 3563 430 3624 33)
448 3562 487 3615 Iis
508 3579 575 3629 quae
596 3569 744 3629 sequuntur
763 3579 849 3628 usque
864 3561 896 3613 ad
910 3578 1053 3626 quamquam
1068 3566 1162 3628 expost
1174 3560 1304 3612 addendis

70 3637 94 3685 in
113 3633 141 3682 M
152 3633 204 3688 ο.3
217 3651 231 3684 a
244 3635 352 3685 librario
371 3633 492 3684 relictum
511 3638 552 3684 est
572 3635 684 3697 spatium
704 3647 834 3692 vacuum;
855 3634 978 3683 similitor
998 3633 1024 3682 in
1040 3631 1066 3681 ll
1078 3630 1128 3685 ο.2
1148 3637 1208 3696 post
1225 3629 1307 3680 militis

68 3709 146 3756 vacat
164 3719 219 3754 uua
238 3704 323 3768 linea,
342 3705 482 3768 pergitque
502 3703 614 3768 scriptor
632 3705 659 3753 in
674 3701 769 3753 altera:
788 3701 844 3750 inde
856 3702 973 3765 excipitur
986 3709 1035 3748 test.
1050 3717 1072 3763 q.
1080 3699 1116 3761 fit
1123 3709 1251 3764 praesente
1263 3709 1305 3751 etr.

69 3773 102 3832 33)
134 3771 193 3823 Ha.
222 3769 254 3822 L.
282 3770 323 3821 ult.
393 3771 427 3834 33)
460 3770 545 3824 Mat
578 3777 603 3822 et
627 3771 677 3822 Vi.
707 3771 768 3821 item.
840 3769 873 3820 33)
904 3769 959 3820 Ha.
990 3769 1107 3833 earmina
1136 3778 1332 3838 testamentum„

71 3843 103 3904 33)
125 3841 184 3892 Ha.
204 3849 230 3893 et
248 3839 339 3894 Mus
358 3840 477 3892 ecelesiae.
536 3840 569 3904 33)
592 3840 681 3895 Μο.2
701 3850 723 3888 et
742 3839 796 3890 duo.
855 3839 889 3895 33)
909 3837 965 3891 Ha.
985 3847 1095 3903 apparet.
1151 3839 1186 3898 33)
1204 3838 1256 3889 Pa.
1274 3839 1307 3887 si-

70 3922 107 3960 cut
126 3911 239 3962 diximus.
310 3909 346 3972 33)
364 3909 419 3960 Ha.
436 3917 543 3974 possunt.
613 3907 648 3970 33)
667 3909 715 3960 Li.
735 3919 759 3959 et
775 3908 848 3959 miles.
921 3908 955 3967 33)
975 3909 1032 3959 Ha.
1050 3907 1150 3956 condere
1167 3925 1228 3970 non,
1254 3906 1306 3958 Pa.

70 3981 205 4030 cmcedere.
260 3979 294 4035 33)
313 3978 386 4031 Haec
404 3982 486 4032 verbs
498 3979 523 4028 in
531 3978 611 4043 princ.
624 3979 722 4032 desunt
736 3981 764 4030 in
778 3977 842 4042 Ha,
861 3977 918 4043 Li,
937 3977 990 4030 Pa.
1010 3985 1036 4029 et
1054 3975 1083 4026 M
1094 3995 1117 4028 ο.
1132 3977 1157 4032 3.
1212 3977 1246 4039 33)
1260 3977 1307 4027 Li.

72 4060 95 4102 at
115 4052 178 4101 Mo.
192 4049 246 4104 2.3
266 4051 390 4101 omittunt
411 4049 445 4112 si,
472 4049 631 4114 additurque
655 4048 712 4100 illic
736 4065 799 4099 mox
821 4057 844 4097 et
869 4055 930 4115 post
953 4047 1081 4108 solarium,
1110 4047 1153 4100 hic
1178 4063 1240 4100 vero
1265 4047 1309 4110 qni

73 4127 133 4185 post
145 4118 336 4184 filiusfamilias.
401 4116 435 4176 33)
456 4117 620 4182 Hapatroe.
641 4117 761 4167 tamenin
780 4133 815 4169 eo.
879 4116 913 4173 33)
934 4115 981 4168 Li.
1000 4115 1024 4165 ro
1043 4115 1134 4178 (ideo).
1197 4117 1232 4178 33)
1251 4115 1306 4166 Ha.

72 4189 207 4238 eromuino
225 4198 302 4238 mutus
320 4189 445 4238 etsurdua
463 4187 564 4238 omnino.
624 4186 659 4250 33)
679 4187 724 4238 Li.
743 4187 864 4251 fanonem
889 4187 974 4239 testari.
1035 4185 1069 4247 33)
1089 4183 1165 4248 Quae
1184 4187 1246 4237 hinc
1266 4201 1307 4236 se·

72 4265 207 4322 sinuntur,
234 4261 260 4309 in
280 4258 335 4308 Ha.
354 4259 478 4310 librarius
498 4273 623 4324 perverse
642 4264 667 4310 rt
691 4274 723 4308 ex
749 4275 854 4322 errore,
879 4260 955 4308 cuius
981 4263 1068 4306 tamen
1095 4255 1146 4306 sibi
1169 4257 1227 4321 ipse
1252 4269 1304 4304 non

72 4330 178 4378 videtur
196 4329 281 4380 luisse
300 4329 434 4388 conscius,
453 4329 504 4378 iam
524 4329 654 4391 superiori
675 4327 773 4391 profert
792 4327 859 4390 loco,
879 4326 935 4376 soil.
955 4332 1014 4377 ante
1026 4324 1080 4374 item
1094 4324 1117 4372 si
1126 4321 1307 4388 filiusfamilias

72 4406 112 4447 aar.
168 4396 203 4456 33)
225 4395 276 4448 Pa.
297 4395 369 4446 addit
380 4396 462 4460 saeta.
516 4393 550 4457 ⁴²)
570 4395 640 4448 Hinc
660 4394 708 4446 Li.
731 4393 797 4446 Ood.
818 4397 930 4462 scriptor
948 4395 1079 4446 calamum
1099 4410 1184 4458 usque
1204 4391 1307 4454 adqui-

71 4481 163 4530 crmque
176 4465 308 4517 transilire
322 4466 391 4516 feeit.
445 4463 479 4526 33)
492 4463 548 4515 Ha.
562 4473 585 4513 et
596 4463 619 4515 I.
632 4463 675 4515 αιῖ)
692 4464 744 4527 ῐιε.,·
764 4462 817 4516 Pa.
838 4473 861 4512 et
878 4463 928 4513 uut’
944 4467 974 4512 ni
992 4464 1058 4523 naar
1077 4463 1102 4512 Μ
1113 4462 1159 4516 o.l
1175 4471 1198 4510 et
1208 4463 1225 4524 §
1236 4459 1309 4510 Nunc

72 4542 120 4586 aut.
195 4533 230 4594 ⁴⁴)
251 4533 342 4588 Mas
364 4551 412 4600 pro
433 4542 593 4583 testamentum
611 4536 691 4586 habet
710 4551 764 4584 non.
836 4533 870 4594 33)
890 4532 946 4584 Ha.
970 4533 1062 4595 valeat,
1089 4533 1214 4583 omnibus
1240 4547 1307 4596 quae

119 4633 227 4674 Beruardt
247 4643 339 4684 annius.
1069 4630 1092 4700 7
