3062 5174
225 155 284 219 296
658 155 856 212 BERNARDI
873 156 1022 248 'SUMMA

227 338 324 396 irandi
345 337 516 402 consentiat,
537 351 597 391 nou
617 342 712 390 tamen
733 352 764 390 es
785 335 822 390 ab
843 351 878 390 ca
898 335 1085 406 separandus,
1106 336 1177 392 licet
1197 337 1238 392 ais
1260 341 1348 408 gravi
1366 341 1476 408 poeni-

229 437 320 492 tentia
340 433 538 502 macerandus,
560 440 588 488 et
601 434 626 487 si
641 433 846 503 supervixeris,
868 433 1083 488 matrimonium
1102 434 1272 490 contrahere
1286 435 1474 504 prohiberis,

230 541 261 588 ut
282 533 312 587 C.
328 531 420 587 XXX.
443 526 524 602 qu.1
545 529 633 586 Nosse
654 528 694 599 (c.
709 525 752 602 3),
774 531 882 584 Dictum
903 538 942 583 eat
964 528 1003 598 (c.
1017 525 1061 603 4),
1082 530 1125 584 De
1145 531 1187 584 itia
1208 528 1247 599 (c.
1265 525 1319 602 6);
1350 533 1380 588 si
1403 551 1475 590 vero

229 645 370 686 consensu
391 629 540 699 utriusque
561 627 616 683 boc
637 628 744 682 iactum
766 635 816 694 est,
838 634 870 680 ut
886 627 950 682 scil.
966 625 1001 681 de
1016 633 1110 683 cetero
1124 627 1310 682 continenter
1324 629 1473 698 viverent,

231 727 408 782 sollemniter
422 726 537 782 vovisse
552 719 591 797 ⁸⁰)
612 731 843 795 praesumuntur,
865 731 893 778 et
906 723 972 778 ideo
994 725 1035 778 cis
1055 730 1194 794 perpetua
1214 725 1409 780 coutinentia
1424 727 1473 781 irn-

229 832 347 896 peratur
361 820 415 898 ⁸¹),
444 821 522 894 quod
544 821 692 892 colligitur
713 837 749 876 ex
769 822 834 891 ipso
855 835 917 890 cap.
939 820 1034 885 Nosse,
1060 819 1113 876 ubi
1134 821 1189 875 ait:
1215 822 1292 884 ¹,nisi
1315 823 1472 878 amborum

230 929 397 978 consensu.t
444 921 507 974 Duo
535 935 601 974 vero
631 919 760 988 capitula
787 919 818 971 in
846 918 947 972 eadem
969 933 1055 974 causa
1074 919 1317 988 praemittuntur,
1353 921 1471 991 quibua,

232 1027 259 1074 et
281 1017 397 1090 quando
419 1018 594 1088 ignoranter,
616 1023 644 1071 et
661 1014 778 1086 quando
793 1015 916 1070 scienter
930 1016 987 1069 tale
1001 1014 1073 1086 quid
1087 1015 1223 1082 evenerit,
1245 1018 1471 1072 matrimonium

231 1115 410 1186 praecipitur
430 1114 575 1185 separar13
605 1111 655 1168 sed
684 1112 756 1183 ipris
778 1128 830 1183 per
850 1112 1000 1184 sequentia
1020 1113 1148 1184 capitula
1168 1118 1195 1167 et
1215 1127 1270 1184 por
1290 1115 1472 1168 contrariam

232 1210 468 1268 cousuetudinem
490 1209 653 1282 derogatur.

311 1308 385 1376 Quia
406 1323 474 1363 vero
497 1306 533 1361 de
554 1307 790 1377 compaternitate
810 1307 983 1361 montionem
1005 1306 1142 1374 lecimus,
1164 1305 1329 1375 videamus,
1354 1309 1389 1362 in
1413 1310 1474 1379 qui·

232 1405 286 1460 bus
327 1405 513 1461 sacramentis
555 1404 777 1473 compaternitas
819 1411 1008 1472 comparatur.
1060 1403 1097 1458 Et
1131 1403 1248 1475 quidem
1283 1405 1413 1461 videtur
1446 1407 1473 1459 in

231 1509 340 1573 septem
356 1497 395 1573 ¹¹)
423 1517 459 1556 ex
486 1517 550 1571 cap.
573 1499 734 1555 Deusdedit
753 1501 806 1570 Pp.
830 1501 859 1555 Ο.
875 1497 967 1554 XXX.
990 1497 1218 1571 qu.1Peroens't
1245 1499 1286 1574 (c.
1304 1498 1361 1575 1),
1397 1503 1473 1574 quod

232 1607 339 1670 septem
367 1606 433 1654 sunt
459 1604 637 1654 sacramenta
664 1599 734 1664 illa,
764 1613 838 1668 quaa
865 1599 928 1668 ipra
956 1597 1033 1652 dona
1059 1596 1197 1669 baptismi
1217 1599 1373 1670 appellat3
1406 1616 1474 1670 quo
1520 1657 1521 1682 ¹

232 1713 295 1752 rum
322 1697 448 1767 primum
476 1704 519 1751 eat
546 1696 615 1750 salis
643 1695 776 1761 collatio,
806 1701 837 1748 ut
865 1693 901 1748 dc
929 1709 1006 1750 conr.
1036 1696 1081 1753 Di.
1104 1696 1154 1750 lv.
1181 1695 1227 1750 Ec
1255 1697 1320 1750 ltine
1349 1694 1395 1766 (c.
1411 1691 1472 1768 64),
1520 1747 1521 1764 ,

230 1792 388 1849 secundum
416 1799 459 1846 ιιι
485 1795 599 1849 aurium
627 1801 655 1847 et
681 1793 794 1847 narium
823 1799 907 1862 sputo
935 1794 1033 1850 linitio
1053 1789 1108 1866 ⁸⁸),
1137 1801 1169 1848 ut
1197 1793 1244 1848 Di.
1272 1792 1337 1847 ead.
1372 1794 1473 1846 Postea

232 1901 379 1961 tanguntur
405 1887 445 1960 (c.
461 1883 531 1960 68),
564 1891 677 1946 tertium
706 1891 737 1943 iu
767 1891 859 1945 fronte
884 1898 912 1944 et
937 1899 1051 1961 pectore
1082 1891 1175 1946 crucis
1206 1892 1299 1946 iactae
1330 1890 1470 1961 signatio,

233 1995 265 2043 ut
292 1988 337 2041 Di.
367 1987 429 2041 ead.
457 1987 564 2042 Deinde
584 2006 602 2042 o
623 1990 762 2042 sacerdote
788 1983 828 2057 (c.
848 1981 918 2059 70),
949 1989 1048 2042 Postea
1074 1990 1198 2059 stpnotor
1225 1984 1265 2058 (c.
1280 1981 1355 2059 63),
1388 2003 1471 2058 quar·
1520 1989 1521 2012 ³

231 2091 291 2138 tum
313 2085 369 2138 olei
391 2084 496 2138 sacrati
517 2085 681 2153 perversio,
710 2092 742 2138 ut
764 2084 809 2138 Di.
839 2084 919 2150 ead.,
949 2085 1081 2155 quintum
1110 2085 1248 2155 baptismi
1275 2083 1413 2151 ablutio,
1441 2091 1470 2138 ut
1520 2133 1521 2136 ,

234 2181 280 2234 Di.
309 2178 371 2233 ead.
400 2180 546 2250 Postquam
573 2198 619 2234 oos
648 2179 687 2250 (c.
710 2175 780 2252 78),
813 2181 914 2236 Venisti
941 2179 980 2251 (o.
1001 2176 1072 2254 87),
1103 2189 1214 2236 sextum
1243 2182 1413 2236 chrismatis
1440 2183 1469 2234 in

236 2276 342 2330 vertice
362 2277 523 2345 perunctio,
546 2285 578 2330 ut
593 2276 639 2330 Di.
662 2277 725 2333 ead.
739 2279 885 2349 Postquam
906 2280 1057 2333 ascenderit
1077 2275 1116 2350 (c.
1126 2273 1193 2350 88),
1216 2279 1374 2348 septimum
1396 2279 1469 2332 eiua-

232 2370 298 2425 dem
326 2372 357 2425 iu
386 2373 478 2427 tronto
510 2373 546 2427 ab
578 2375 717 2444 episcopo
746 2376 822 2430 iacta
852 2377 1041 2442 confirmatio,
1073 2383 1105 2430 ut
1136 2375 1181 2429 Di.
1213 2374 1276 2430 ead.
1309 2375 1469 2445 Presbyteri

234 2466 273 2538 (c.
290 2462 372 2538 120).
411 2469 488 2525 Ηιιι
514 2470 631 2542 quidem
658 2472 756 2526 omnia
777 2473 959 2542 spiritualem
980 2473 1179 2545 cognationem
1200 2487 1295 2528 creare
1318 2470 1466 2538 dicuutur,

233 2565 391 2621 secundum
413 2567 649 2624 consuetudinem
670 2576 764 2624 autem
786 2577 814 2624 et
835 2568 992 2624 secundum
1014 2570 1180 2636 veritatem,
1202 2575 1234 2623 ιιι
1254 2568 1391 2636 arbitror,
1415 2569 1467 2624 tria
1521 2594 1522 2618 ι

232 2668 342 2716 tantum
364 2669 440 2733 sunt,
462 2678 535 2734 quac
558 2667 823 2735 compaternitatem
844 2666 1048 2736 impedientem
1076 2666 1291 2721 matrimonium
1312 2664 1464 2733 inducunt,
1521 2735 1522 2740 ἵ

223 2757 370 2814 videlicet
384 2754 424 2831 ⁸⁴)
446 2770 655 2816 sacramentum
678 2763 907 2830 christianitatis,
933 2770 1140 2818 sacramentum
1161 2761 1300 2834 baptismi
1321 2769 1351 2818 et
1372 2779 1463 2818 sacra-

231 2863 358 2910 mentum
380 2857 605 2912 confirmationis
626 2859 717 2914 iactae
738 2857 775 2913 ab
797 2859 951 2930 episcopo;
974 2875 1047 2931 quae
1063 2861 1118 2914 tria
1132 2876 1168 2915 ex
1182 2860 1237 2915 illo
1252 2875 1314 2931 cap.
1331 2861 1362 2915 G.
1371 2861 1461 2916 XXX.

231 2948 314 3024 qu.4
341 2952 374 3007 Si
394 2955 454 3025 quis
482 2951 521 3024 (c.
536 2946 570 3025 3)
595 2953 679 3009 innui
705 2955 841 3010 videntur
868 2964 896 3010 et
925 2957 961 3012 de
989 2972 1067 3012 cous.
1097 2958 1144 3012 Di.
1167 2958 1216 3012 IV.
1244 2957 1278 3010 In
1303 2959 1461 3012 cataclismo

234 3048 273 3121 (c.
290 3045 372 3122 100).
414 3051 451 3105 Ει
470 3049 645 3119 notandum,
675 3053 768 3123 qnod,
797 3054 873 3108 sicut
893 3053 944 3108 ille
966 3055 1017 3125 qui
1038 3056 1160 3126 suscipit
1179 3069 1300 3125 puerum
1321 3053 1359 3107 de
1384 3071 1461 3110 sacro

233 3150 324 3214 toute,
354 3155 500 3218 compater
528 3149 668 3217 eidoitur,
696 3151 738 3204 sic
765 3149 817 3204 ille
845 3151 896 3221 qui
915 3152 1061 3224 immergit
1081 3158 1109 3207 et
1129 3152 1223 3205 elevat
1244 3151 1369 3205 elicitur
1390 3168 1461 3206 con-

229 3253 312 3316 pater
327 3240 383 3317 “);
414 3260 468 3300 nec
494 3246 572 3300 anim
599 3247 666 3315 plus
687 3247 848 3316 spiritualis
873 3249 1054 3320 cognationis
1076 3247 1161 3303 debet
1181 3248 1295 3302 eiticere
1315 3251 1459 3319 susceptio

233 3359 318 3414 quam
340 3342 485 3397 immersio
507 3349 535 3397 et
555 3343 696 3410 clevatio,
725 3359 790 3398 curn
811 3345 932 3414 utraque
954 3344 1134 3414 spiritualem
1156 3344 1358 3414 paternitatem
1378 3346 1460 3400 indu·

232 3447 287 3506 cst,
310 3447 341 3493 ut
362 3441 393 3496 c.
408 3439 502 3495 XXX.
524 3435 605 3511 qu.1
629 3439 725 3494 Omaes
746 3437 785 3510 (c.
800 3434 844 3514 8).
888 3442 920 3495 Si
941 3457 999 3512 qua
1018 3441 1117 3512 itaque
1137 3441 1241 3496 mulier
1261 3441 1356 3496 tilium
1370 3458 1459 3498 menn

231 3537 262 3589 iu
284 3537 463 3591 necessitatis
491 3537 614 3591 articulo
640 3535 836 3606 baptizaverit
863 3545 892 3592 ct
920 3539 979 3592 alia
999 3539 1103 3593 mulier
1123 3553 1188 3593 eum
1209 3539 1381 3609 susceperit,
1411 3556 1458 3594 nec

232 3647 284 3702 ego
307 3648 359 3687 nec
380 3633 442 3703 ipse
466 3633 545 3688 tilius
566 3649 645 3688 mous
672 3634 830 3704 poterimus
859 3635 950 3690 alicui
978 3651 1074 3690 aarum
1103 3633 1139 3688 de
1166 3641 1260 3690 cetero
1280 3636 1459 3690 matrimonio

231 3729 379 3800 copulari,
411 3738 438 3784 et
460 3730 485 3783 si
506 3737 682 3786 contractum
704 3731 805 3800 luerit,
827 3731 1026 3802 separabitur,
1048 3738 1079 3786 ut
1100 3731 1131 3786 C.
1146 3732 1240 3786 XXX.
1266 3728 1457 3803 qu.1Deeo

232 3822 271 3897 (c.
287 3820 330 3895 5).
373 3824 537 3894 Oppouitnr
557 3835 652 3882 autem
673 3829 741 3883 huic
762 3829 930 3896 sententiae,
952 3831 1022 3900 quia
1041 3830 1083 3883 sic
1105 3829 1239 3884 sacerdos
1261 3835 1304 3885 est
1317 3837 1457 3900 compater

232 3913 361 3976 omnium
387 3937 501 3988 eorum,
530 3938 651 3994 quorum
672 3925 804 3995 baptizat
823 3926 909 3982 illios.
953 3927 1000 3980 Sic
1021 3926 1134 3997 itaque,
1162 3941 1227 3981 cum
1249 3924 1384 3980 omnibus
1401 3943 1456 3982 mo·

232 4225 267 4292 Ι’)
285 4225 351 4280 Coti.
372 4226 483 4281 erube.
554 4229 589 4293 ⁵¹)
609 4227 655 4282 Sic
675 4226 755 4296 (tou,
780 4233 858 4284 onius
881 4230 1024 4286 lectionem
1050 4233 1076 4284 in
1100 4231 1239 4297 imponitis,
1265 4232 1329 4286 licet
1351 4233 1457 4286 fortasse

232 4302 364 4364 praestet,
389 4298 462 4350 nolui
485 4305 660 4352 commutare.
722 4300 756 4364 ⁵²)
776 4299 841 4353 (lod.
865 4303 961 4354 vitiose
980 4300 1030 4353 Ill.
1087 4301 1122 4363 ⁵³)
1142 4300 1207 4353 eod.
1226 4300 1315 4352 licinio
1378 4301 1409 4366 Μ)
1428 4303 1456 4356 ln

232 4363 299 4418 ooo.
318 4383 351 4419 ex
369 4369 525 4434 repetitione
544 4368 657 4421 duarum
678 4371 856 4436 posteriorum
877 4369 1024 4423 litterarum
1043 4370 1148 4424 additur
1166 4378 1198 4421 et.
1252 4371 1286 4434 ⁵⁵)
1304 4369 1394 4424 Verba
1409 4373 1456 4424 ista

231 4434 267 4484 rie
289 4432 329 4484 ille
352 4445 408 4500 etc,
436 4452 505 4502 quae
530 4435 597 4490 God.
622 4435 676 4490 Pa·
705 4453 760 4490 non
786 4440 908 4506 exbibet,
935 4458 967 4493 ex
997 4439 1109 4493 Summa
1135 4439 1307 4494 decretalium
1333 4438 1454 4494 LiblV.

139 4553 145 4559 .
232 4505 271 4558 tit.
286 4505 326 4560 il.
344 4503 386 4576 ιι
403 4506 501 4560 addere
524 4507 640 4577 placuit,
664 4523 725 4560 cum
751 4509 811 4575 ipsa
835 4510 862 4563 in
887 4511 982 4566 ceteris
1006 4516 1058 4566 tam
1085 4508 1305 4567 antecedentibus
1324 4525 1402 4580 quam
1418 4529 1454 4568 se
