3098 5184
587 137 823 230 *arnruoars¹
1191 173 1317 233 xxxrx

86 346 223 426 nomine,
254 346 332 410 unde
354 348 423 412 satis
443 354 545 428 patere
567 355 617 412 aut
641 355 724 412 certe
753 346 915 413 verisimile
944 355 1015 411 esse
1042 345 1238 428 crediderim,
1267 367 1320 414 eea

87 456 279 520 decretalium
309 455 548 538 compilationes,
580 475 657 540 quae
685 457 903 539 praecedebant
928 456 1071 536 Tertiam,
1100 475 1159 539 quo
1186 465 1321 540 tempore

87 568 269 648 compositus
291 568 328 631 sit
349 567 603 645 codexllalensis,
624 568 650 630 si
671 568 729 630 iam
750 576 845 648 natas,
866 569 983 650 ignotas
1005 565 1101 630 adhue
1121 566 1214 632 luisse
1236 586 1272 632 ea
1293 569 1323 632 in

83 675 264 740 Germaniae
284 684 377 757 parte,
400 695 475 759 quae
499 677 563 740 eius
585 676 679 740 luisse
701 676 815 740 ridetur
836 677 930 758 patria
950 684 1037 740 terra.

168 786 204 862 3)
225 785 271 850 llx
284 786 460 850 bibliotheca
475 787 569 869 Regia
583 786 798 850 Monacensi
818 787 911 850 tribus
933 785 1003 848 mihi
1024 786 1065 850 uti
1086 784 1167 849 licuit
1187 803 1321 852 summae

79 893 168 960 libris
190 897 405 978 manuscriptis.
449 896 557 960 Eorum
585 898 665 980 prior
691 896 730 960 ad
753 915 803 960 me
829 897 963 980 peruenit
992 913 1118 978 eamque
1139 895 1177 959 ob
1199 914 1318 960 causam

79 1005 170 1085 primi
190 1005 321 1069 notulam
345 1006 460 1088 accepit

168 1119 200 1189 a)
222 1114 448 1196 Patavinus‚
472 1117 522 1198 qui
543 1116 612 1180 olim
633 1123 697 1180 erat
717 1115 887 1180 monasterii
909 1114 1120 1178 canonicorum
1140 1116 1322 1198 regularium

78 1222 197 1288 ordinis
219 1224 250 1288 S.
265 1224 425 1307 Augustini
447 1226 484 1288 ed
506 1225 536 1291 S.
551 1226 703 1290 Nicolaum
725 1245 817 1308 propa
837 1226 983 1290 Patariem
1005 1226 1052 1289 siti
1074 1225 1111 1288 ad
1133 1225 1209 1290 Ocni
1230 1228 1320 1308 ripas,

78 1349 165 1397 nuno
193 1335 270 1398 inter
298 1335 404 1399 latinos
433 1335 553 1399 codices
581 1336 694 1418 Regiae
722 1335 919 1400 bibliothecae
947 1342 992 1398 est
1018 1334 1069 1398 Nr.
1092 1335 1211 1414 16083,
1244 1338 1321 1402 inter

77 1442 176 1506 libros
197 1443 228 1508 S.
249 1442 364 1508 Nicolai
379 1444 420 1521 ⁸⁰)
441 1445 491 1508 Nr.
506 1446 557 1512 83.
600 1445 679 1508 Ante
707 1447 809 1528 viginti
837 1446 953 1508 iamiam
980 1462 1074 1508 annos
1102 1447 1233 1509 notitiem
1256 1448 1320 1510 eius

79 1560 109 1615 et
140 1552 287 1618 babuerat
316 1562 345 1618 et
374 1555 495 1620 dederet
515 1555 558 1618 lll.
582 1554 716 1624 Potitius
730 1555 790 1638 ⁸¹),
818 1554 961 1618 Bernardi
990 1572 1061 1618 rero
1083 1573 1149 1618 cum
1169 1547 1321 1620 Ferentini

79 1680 257 1746 cognomen
278 1664 442 1728 inusitatius
464 1666 511 1744 sit,
534 1673 583 1728 aut
603 1668 665 1746 ipse
687 1665 806 1742 notitia,
830 1671 879 1726 aut
899 1664 930 1728 id
950 1671 1032 1726 certe
1054 1682 1159 1728 omnes
1177 1665 1320 1730 hactenus

75 1772 197 1855 fugisse
220 1773 335 1836 ridetur
356 1775 541 1850 canonistas,
572 1775 651 1857 quod
678 1775 730 1838 ille
760 1774 857 1836 codex
876 1773 951 1836 intra
975 1772 1150 1838 Germaniae
1171 1775 1245 1838 lines
1266 1775 1320 1838 Pa-

79 1884 196 1964 piensis
218 1901 362 1948 summam
384 1884 469 1948 nobis
492 1886 631 1950 servarit.
675 1884 727 1948 Est
747 1883 797 1947 ille
818 1883 895 1947 liber
916 1883 1038 1964 tormen,
1065 1902 1142 1966 quae
1164 1883 1268 1948 dicitur
1288 1885 1319 1948 in

77 1992 162 2072 lolio,
186 1994 319 2058 minoris.
353 1993 482 2068 Ouetuor
502 1996 595 2076 prima
612 1994 680 2058 folia
698 1996 724 2058 si
738 1994 899 2074 addideris,
923 2012 1046 2075 quorum
1061 1995 1186 2076 primum
1200 2000 1319 2076 preater

78 2103 195 2166 codicis
216 2105 424 2184 inscriptiones
448 2105 536 2183 nihil,
566 2112 700 2188 quartum
724 2105 822 2168 varios
844 2111 953 2166 tantum
976 2104 1159 2167 diversarum
1180 2120 1319 2166 manuum

76 2213 161 2277 lusus
184 2213 325 2294 penicilli,
350 2213 422 2278 alies
444 2229 562 2296 quoque
584 2215 694 2295 passim
716 2215 746 2276 in
767 2214 872 2276 codiee
894 2213 1015 2294 obvios,
1038 2214 1189 2294 exhibent,
1210 2231 1318 2278 secun·

78 2324 148 2386 dum
174 2341 250 2385 vero
273 2330 302 2386 et
323 2324 439 2386 tertium
468 2341 534 2386 cum
556 2323 784 2388 Friderioianam
814 2325 1051 2388 constitutionem
1072 2325 1154 2406 pacis
1180 2323 1217 2387 Α.
1234 2321 1315 2390 1235

76 2434 232 2498 teutonico
260 2451 417 2508 sermone,
447 2433 484 2496 de
514 2450 572 2516 quo
594 2433 630 2496 ad
646 2432 790 2496 Pertuium
811 2434 928 2498 remitto
949 2433 1108 2514 lentorem,
1137 2439 1199 2496 tum
1227 2432 1317 2513 priri-

78 2543 194 2626 legium
218 2543 400 2626 abeopoldo
415 2542 497 2607 Duce
512 2543 549 2606 Α.
567 2543 643 2611 1221
662 2544 770 2607 civitati
792 2589 824 2606 ..
847 2543 975 2621 (nescio,
998 2543 1060 2618 oui)
1076 2559 1252 2607 concessum
1263 2538 1316 2621 82),

75 2673 157 2718 nuno
179 2653 278 2718 codex
299 2654 340 2719 77
361 2660 476 2717 constat
497 2652 590 2731 foliis3
621 2653 675 2718 sed
702 2652 859 2735 aliquando
880 2669 984 2716 eorum
1006 2651 1097 2716 multo
1118 2651 1201 2734 plura
1222 2652 1316 2716 conti·

77 2772 201 2844 nuerat,
232 2782 308 2846 quae
336 2763 414 2826 inter
442 2763 542 2826 iohum
564 2763 588 2842 4
607 2762 678 2830 eth
706 2781 766 2826 non
787 2770 846 2826 tam
867 2762 1033 2843 excidisse,
1064 2779 1152 2844 quem
1181 2759 1315 2824 consulto

77 2874 179 2953 demta
200 2892 282 2950 esse,
303 2873 361 2936 iam
383 2891 422 2936 ex
442 2873 536 2954 primo
553 2871 620 2934 libri
634 2879 713 2953 patet
727 2872 877 2954 adspectu.
898 2871 1001 2954 lucipit
1015 2890 1129 2936 summa
1144 2871 1174 2933 in
1189 2867 1314 2950 tabam,

75 2984 199 3066 explicit
232 2984 263 3045 in
292 2982 384 3046 altera
417 2981 480 3046 lolii
500 2981 557 3048 36·
583 2981 738 3062 columna,
768 3000 911 3064 eamque,
940 2982 1021 3044 nullo
1049 2981 1114 3046 fere
1141 2978 1316 3044 intermedio

76 3095 192 3176 spatio,
227 3092 337 3168 ‚,Gesus
366 3093 499 3174 magistri
519 3090 658 3160 tttemdb
683 3093 846 3174 excipiunt,
876 3092 1046 3174 dequibus
1075 3090 1149 3154 infre
1171 3089 1316 3171 quaedam

75 3203 239 3285 proferam.
282 3201 354 3266 lnde
375 3219 450 3265 vero
472 3222 489 3266 e
511 3200 739 3284 retorquam
761 3202 904 3284 plurimae
926 3208 1087 3284 sequuntur
1108 3201 1224 3282 reniae,
1255 3206 1314 3262 tam

78 3313 245 3394 theologici
266 3319 296 3376 et
316 3311 436 3376 moralis
456 3314 624 3392 argumenti
647 3330 733 3393 quern
755 3311 886 3388 iuridici,
913 3312 1018 3374 incerti
1039 3310 1167 3375 auctoris
1189 3317 1220 3373 et
1239 3317 1314 3372 tem-

75 3425 159 3503 poris
183 3422 382 3504 quaestiones,
404 3439 526 3504 quarum
548 3422 710 3484 norissima
730 3437 791 3484 non
814 3428 862 3485 est
880 3421 998 3504 integra
1018 3427 1153 3500 serrete3
1165 3421 1206 3496 ‚in
1220 3420 1313 3501 prima

78 3533 158 3596 enim
188 3531 310 3596 ultimae
337 3517 463 3616 paginae
491 3531 627 3595 columna
654 3532 700 3595 his
730 3531 849 3614 explicit
877 3532 990 3596 verbis:
1026 3538 1096 3596 item
1127 3537 1161 3594 in
1195 3533 1313 3610 eodem,

109 3841 145 3906 ⁸⁰)
166 3839 274 3896 Pluries
295 3842 361 3894 haec
382 3842 410 3894 iu
429 3839 520 3894 codice
539 3841 652 3897 occurrit
677 3839 832 3906 inscriptio:
868 3837 918 3890 Iste
936 3838 995 3889 iiber
1012 3846 1048 3888 est
1064 3838 1203 3889 monasterii
1218 3837 1247 3890 S.
1266 3836 1314 3889 Ni·

164 3927 232 3978 ooloi
247 3926 367 3978 Paeoniae
384 3927 549 3977 canonicorum
566 3925 712 3992 regularium
731 3926 788 3989 (tol.
800 3927 828 3980 1⁸
838 3926 898 3978 edd.
911 3925 1002 3975 ordinis
1016 3923 1044 3976 S.
1058 3922 1152 3991 Aeg),
1172 3926 1312 3994 similisve,

166 4033 190 4068 e.
202 4031 230 4082 g.
242 4013 361 4069 soli'lb:
384 4013 435 4064 Iste
451 4013 510 4064 liber
523 4013 628 4078 pertinet
646 4013 680 4062 ad
696 4011 724 4064 S.
743 4011 885 4077 Illicclarm,
911 4007 1260 4080 arq112f01.tb:1sezoer
1277 4020 1313 4062 est
1413 4069 1417 4078 ³

165 4101 280 4154 acclesiae
297 4101 326 4153 S.
340 4099 441 4153 Nicolai
455 4100 584 4152 Patavina.

111 4189 145 4255 ⁸¹)
165 4188 207 4242 01.
222 4188 400 4242 Monumente
413 4187 572 4241 Germaniae
586 4188 721 4254 historica,
739 4185 875 4239 Tom.1V.
889 4183 1007 4254 (Legum
1020 4184 1097 4236 Tom.
1112 4183 1162 4250 ΙΙ.)
1181 4202 1206 4252 p.
1215 4184 1276 4240 571.

111 4276 144 4340 ⁸²)
162 4277 208 4330 Ad
221 4278 369 4342 marginem
384 4275 459 4328 adest
471 4275 577 4341 notula,
596 4276 624 4327 in
637 4273 809 4342 Ephemerid.
822 4271 939 4326 Vindob.
958 4271 1034 4324 Tem.
1045 4269 1175 4323 XXXIX.
1188 4287 1214 4338 p.
1225 4270 1256 4325 15
1268 4286 1309 4337 sq.

159 4363 236 4416 istud
255 4361 427 4429 privilegium
446 4379 507 4414 esse
525 4363 558 4416 ab
578 4361 743 4430 Hormayero
762 4361 941 4426 publicatum
961 4361 1066 4426 inipso
1085 4359 1176 4410 codice
1195 4359 1309 4410 civitatis

160 4465 264 4504 nomen
287 4448 412 4502 consulto
436 4449 542 4502 ridetur
566 4465 627 4502 osse
651 4448 784 4518 deletum,
808 4462 897 4522 neque
921 4447 997 4500 illurn
1023 4445 1121 4498 librum
1145 4442 1212 4496 mibi
1236 4441 1309 4506 edire

160 4537 245 4590 licuit
