3062 5174
213 155 274 222 342
599 159 795 218 annualem
825 161 876 218 st·
907 161 1069 222 mosam

217 356 291 413 quae
309 340 402 396 iuerat
416 339 589 412 desponsata
602 355 655 411 per
668 339 761 396 verba
773 339 810 396 de
862 339 1066 412 desponsavit,
1102 357 1162 414 qua
1195 347 1309 398 mortua
1335 342 1403 398 vult
1429 341 1458 398 ei

217 439 322 494 laturo.
334 464 373 478 -
387 438 475 492 sabis
485 437 666 509 simplicibus:
681 437 701 492 i.
711 453 735 493 a.
752 438 811 492 usi·
861 439 948 494 aliam
960 439 1051 494 fllium
1062 455 1143 496 suam
1154 439 1266 496 tradere
1277 440 1311 494 iu
1324 454 1456 494 uxorem.

216 536 291 604 tetis,
312 541 397 604 puta:
424 535 584 606 ,accipiam
605 542 632 590 te
647 535 678 588 iu
697 541 808 590 meami
863 535 1025 604 Quaeritur,
1040 553 1076 592 an
1092 529 1206 608 possiti
1225 543 1252 592 et
1266 552 1321 590 nos
1336 551 1455 606 respon·
1520 523 1521 544 ¹

217 638 246 688 ct
274 638 390 698 contra,
427 631 523 686 similo
555 647 595 686 ar.
632 631 678 686 Di.
701 630 810 688 XXIII.
863 631 979 703 demus,
1008 632 1084 704 quod
1113 648 1174 688 eam
1205 633 1313 688 habere
1344 634 1455 704 possitr

221 730 273 793 Qui
286 730 427 800 spiscopus
450 727 486 801 (c.
504 723 555 801 2);
577 729 625 784 vel
647 727 727 784 dicas
749 745 811 782 uer·
861 745 929 786 naus
950 745 1014 801 curn
1035 730 1130 801 prima
1148 729 1297 800 sponsalia
1311 730 1381 800 ipso
1396 731 1459 784 iure

217 827 258 882 bia
286 825 450 897 simplicibus
475 827 495 880 i.
517 841 541 880 e.
575 824 653 880 nuda
684 825 813 896 parentis
863 841 921 884 uon
953 828 1114 900 tenuerint,
1145 841 1198 884 uec
1224 827 1297 882 baso
1328 826 1392 882 sibi
1424 828 1459 882 sit

215 923 417 995 promissione,
438 922 516 978 uude
536 921 672 978 subditur
695 920 810 984 ,decre
860 924 966 992 affluis,
988 925 1129 996 quianon
1145 925 1253 992 osculo,
1270 940 1330 979 nou
1345 923 1458 992 verbis,

217 1027 297 1077 verat
329 1020 520 1090 desponsaret
555 1045 595 1060 —
621 1036 703 1090 porra
725 1019 809 1090 fieri.-
861 1020 911 1078 sed
938 1022 1001 1078 sole
1029 1023 1124 1076 caruis
1151 1021 1361 1078 commixtione
1393 1036 1459 1076 cou-

215 1117 340 1174 Videtur
381 1123 471 1172 contr.
507 1116 585 1171 inira
623 1115 687 1172 eod.
721 1115 811 1172 Litta—
861 1117 984 1174 trahitur
1016 1115 1191 1191 [affinitas],
1226 1118 1309 1172 nulla
1344 1119 1459 1173 ratione

216 1233 263 1269 roa
286 1212 322 1287 (c.
335 1209 384 1282 5);
406 1211 456 1268 sed
477 1213 526 1268 hic
548 1213 604 1268 init
624 1212 810 1286 desponsatio
860 1215 954 1285 ipsam
974 1213 1081 1270 habere
1102 1214 1280 1286 prohibetur.

217 1311 253 1366 de
271 1312 376 1380 lutura,
398 1309 442 1366 ibi
464 1309 500 1364 de
514 1311 669 1380 praesenti,
691 1311 740 1365 vel
755 1312 810 1366 ista
1049 1336 1112 1342 --·
1125 1333 1261 1342 --·-ή

215 1425 271 1463 nou
294 1413 355 1462 erat
380 1405 568 1477 desponsata,
591 1406 641 1462 sed
663 1413 773 1462 tantum
794 1423 812 1462 a
832 1414 913 1479 patre
934 1410 1092 1479 promissa,
1115 1409 1168 1464 illa
1190 1415 1251 1464 erat
1268 1407 1460 1479 desponsata,

215 1505 292 1560 uude
319 1505 367 1560 hic
395 1503 530 1558 subditur
554 1502 738 1567 ,decreverat
759 1503 969 1576 desponsare“;
994 1505 1038 1560 ibi
1059 1505 1148 1576 igitur
1167 1505 1351 1575 impediebat
1372 1520 1461 1560 causa

214 1602 352 1673 publicae
365 1601 534 1668 honestetIs,
556 1602 605 1656 hic
620 1617 688 1670 nou,
711 1617 750 1656 ar.
767 1617 855 1672 supra
870 1602 912 1656 tit.
927 1617 1011 1674 prox.
1027 1619 1051 1658 c.
1065 1599 1091 1660 1.
1114 1631 1152 1644 -
1185 1600 1356 1658 Notandum
1372 1601 1460 1658 etiam

214 1701 292 1754 circa
312 1700 368 1754 boo
389 1713 462 1768 cap,
485 1697 564 1769 quod
585 1697 667 1753 aliud
688 1705 730 1755 est
751 1698 941 1769 despondere,
963 1697 1044 1754 alind
1060 1698 1249 1769 desponsare3
1273 1697 1461 1768 despondere

215 1805 257 1852 est
276 1795 452 1866 promittere,
475 1795 649 1866 desponsare
664 1795 722 1850 sibi
737 1798 871 1869 coniugio
887 1797 1033 1866 copulare,
1045 1796 1217 1868 despondet
1235 1789 1350 1870 [pater]
1368 1797 1461 1851 liliam

214 1901 245 1948 ut
265 1894 330 1960 laic,
352 1891 509 1963 desponsat
529 1907 652 1963 sponsus
673 1909 817 1964 sponsam,
843 1901 874 1948 ut
895 1895 972 1950 iufra
993 1893 1055 1948 eod.
1077 1894 1205 1958 Litteras,
1228 1891 1308 1948 uude
1331 1894 1392 1948 Ista
1414 1893 1462 1950 de-

213 2005 319 2062 sponsa
340 1998 408 2057 erat,
431 2005 489 2044 nou
511 1989 694 2060 desponsata.
730 1991 810 2046 Ilauc
832 1989 1030 2046 diversitatem
1051 1992 1148 2046 innuit
1166 1991 1312 2061 scriptura
1336 1989 1459 2059 diviua3

214 2087 283 2142 audi
298 2087 376 2158 quod
392 2087 549 2157 Apostolus
562 2083 584 2158 ¹)
608 2087 696 2142 dicit:
724 2101 806 2149 ..ecoe
827 2087 997 2159 despondi,t
1022 2089 1134 2159 inquit,
1161 2103 1228 2154 ,vos
1250 2087 1304 2140 uni
1319 2088 1388 2142 viro
1403 2089 1462 2142 vir-

214 2187 310 2258 ginem
330 2189 437 2240 castaus
451 2184 590 2238 exhibere
606 2185 751 2253 Christ03‘·
777 2184 847 2240 audi
862 2187 958 2254 etiarn,
981 2185 1060 2256 quod
1075 2185 1206 2240 Christus
1218 2181 1240 2256 ¹)
1257 2183 1351 2252 dicit,
1376 2201 1463 2255 spon·

213 2298 261 2336 sus
282 2281 395 2338 anImae
416 2288 496 2336 tuae:
530 2282 691 2352 ,sponsabo
712 2289 740 2338 te
761 2283 833 2338 milri
854 2284 884 2338 in
907 2283 980 2354 tide,
1009 2282 1153 2354 sponsabo
1174 2289 1201 2337 te
1222 2281 1298 2339 mihi
1318 2283 1352 2336 iu
1376 2283 1460 2338 iusti-

213 2378 300 2445 tiam,
338 2379 482 2448 sponsabo
514 2386 542 2434 tc
573 2380 646 2434 milri
681 2380 712 2434 iu
754 2379 880 2451 gloriae
929 2379 1034 2451 quibus
1071 2379 1166 2436 verbis
1198 2379 1309 2448 triplex
1344 2379 1460 2434 animae

213 2473 397 2546 desponsatio
419 2474 579 2531 denotatur.
612 2475 657 2530 lix
678 2477 733 2534 hoo
749 2492 812 2548 cup.
829 2477 988 2550 coIIIgitur,
1012 2476 1090 2548 quod
1104 2491 1189 2545 saepe
1204 2474 1302 2530 dicere
1318 2476 1460 2542 solemus,

213 2579 316 2628 cuncta
336 2572 428 2628 licent
448 2574 506 2628 nisi
528 2572 644 2630 decreto
665 2575 712 2632 vel
733 2576 797 2646 lege
818 2580 950 2632 vetentur
964 2591 1004 2628 ar.
1022 2574 1067 2628 Di.
1083 2568 1105 2646 ⁸)
1121 2573 1157 2628 V.
1178 2573 1328 2642 Bcptieori
1347 2571 1389 2646 (c.
1397 2567 1439 2644 3).

612 2762 651 2830 Ο.
673 2765 703 2832 2.
748 2769 817 2830 Tuo
840 2771 986 2830 mastiter
1006 2774 1057 2826 etc.
1170 2807 1173 2812 -

254 2907 343 2962 Casus
358 2914 400 2964 est
414 2907 520 2978 planus
535 2914 563 2962 et
578 2907 704 2982 benigne
717 2909 806 2963 inter·
897 2907 967 2963 'l'ibi
979 2899 1185 2978 respondemus
1196 2903 1361 2974 dubitanti,
1379 2906 1457 2978 quod

214 3004 380 3074 pretendas.
403 3032 443 3046 --
469 3007 666 3060 matrs'monium
694 3008 805 3061 ducere:
856 3013 938 3077 pater
960 3006 1020 3060 fllio
1042 3003 1142 3059 adulto
1162 3019 1296 3074 sponsam
1314 3001 1390 3059 dare
1407 3020 1457 3060 noc

214 3102 234 3154 i.
250 3117 273 3156 e.
297 3101 472 3157 contrahere.
489 3133 527 3144 -
548 3105 697 3174 adimplere
712 3105 805 3158 debet:
857 3103 943 3158 debet
970 3117 1023 3158 nec
1050 3110 1161 3175 potest,
1191 3101 1248 3154 nisi
1276 3099 1358 3155 lilius
1392 3117 1457 3157 con-

214 3197 278 3252 Non
294 3197 393 3253 debito
414 3200 609 3267 necessitatis,
635 3199 685 3255 sed
707 3199 805 3257 debito
858 3199 980 3267 seutiat3
1013 3201 1038 3254 si
1069 3213 1137 3254 vero
1171 3195 1301 3252 noudum
1335 3197 1456 3254 adultus

216 3295 388 3358 honestatis,
412 3303 439 3350 et
458 3297 500 3351 ita
521 3312 578 3352 non
598 3295 808 3355 contradiceret
858 3305 909 3366 est,
925 3303 1021 3368 potest
1035 3297 1062 3351 ei
1077 3311 1211 3367 sponsam
1226 3311 1314 3366 quam
1326 3296 1457 3352 voluerit

215 3407 302 3463 supra
323 3391 491 3449 CXXVII.
515 3410 563 3465 qu.
576 3389 604 3451 1.
625 3390 684 3466 31.
859 3395 1022 3466 assignare,
1044 3393 1112 3466 qui,
1137 3408 1202 3448 oum
1224 3389 1343 3447 adultus
1368 3394 1457 3449 fuerit

858 3491 961 3558 iactus,
983 3491 1060 3562 patri
1076 3487 1163 3545 debet
1177 3489 1351 3557 consentire,
1377 3489 1457 3562 quod

857 3589 1031 3662 generaliter
1051 3585 1200 3646 observari
1219 3585 1407 3642 mandamus.

633 3759 672 3827 C.
694 3762 725 3830 3.
767 3765 963 3845 Marsisealum
983 3773 1036 3826 aie.

251 3902 427 3973 Notandum,
438 3904 616 3977 quodpubes
625 3905 733 3963 dicitur
742 3907 807 3981 quis
896 3907 956 3964 Iam
977 3907 1069 3980 pubes
1091 3913 1146 3975 est,
1169 3907 1221 3978 qui
1242 3921 1382 3978 generare
1403 3923 1456 3978 po·

215 3999 329 4057 duobus
340 4001 444 4072 modis,
460 4003 522 4057 soil.
533 4009 635 4072 aetate,
650 4010 678 4058 et
691 4019 744 4059 usu
759 4005 806 4058 vel
857 4010 924 4074 test,
946 4004 1015 4061 licet
1035 4004 1106 4060 XIV
1121 4019 1212 4058 annos
1232 4018 1291 4058 nou
1312 4003 1432 4060 habeat

214 4099 332 4168 effeetu3
344 4105 445 4168 aetate,
458 4106 489 4155 ut
499 4115 571 4172 puer
579 4099 806 4174 quatuordonnis

282 4372 338 4424 Lib.
351 4373 401 4426 IV.
421 4375 455 4428 tit.
469 4372 494 4428 2.
518 4405 552 4414 —
595 4376 616 4440 ¹)
643 4375 683 4430 Oi.
701 4375 787 4443 Epist.
801 4376 836 4431 11.
855 4379 887 4430 ad
907 4376 1027 4431 OorInth.
1047 4393 1069 4430 e.
1085 4377 1124 4432 II.
1141 4393 1167 4428 v.
1180 4375 1206 4432 2.
1277 4375 1300 4439 ²)
1327 4375 1450 4431 Eandem

214 4457 283 4508 quae
302 4459 364 4496 mox
383 4452 460 4498 antea
479 4447 607 4513 occurrit,
628 4445 679 4500 boc
701 4463 809 4514 quoque
828 4447 887 4500 loco
906 4448 1014 4500 exbibet
1033 4445 1100 4500 Cod.
1119 4445 1225 4512 siglam,
1244 4461 1359 4512 eamque
1379 4462 1449 4513 quae

213 4527 267 4565 nou
281 4515 369 4582 possit
380 4516 434 4570 uisi
446 4515 479 4568 de
493 4513 600 4570 Christo
612 4515 742 4584 iutelligi;
764 4517 813 4570 sed
830 4533 900 4584 quae
917 4517 982 4572 baie
1000 4517 1180 4572 attribuuntur
1198 4517 1294 4584 verbs,
1312 4532 1346 4570 ea
1359 4511 1449 4572 Ossae

651 4657 662 4692 t
