3062 5174
239 165 299 230 348
619 168 817 228 BERNARDI
847 169 898 226 ΕΤ
929 168 1087 227 monem

242 351 355 406 inerant
375 349 559 421 publicatae3
589 351 635 406 vel
657 350 753 418 dicas,
775 350 831 405 hoc
881 348 1068 419 consulimus,
1089 355 1131 418 ut,
1152 351 1178 406 si
1198 351 1307 406 mulier
1323 367 1381 422 per
1400 359 1495 408 testes

242 463 302 503 esse
327 447 453 518 speciale
478 449 653 505 matrimonii
676 463 771 504 causa.
791 475 830 486 -
880 461 938 502 non
964 443 1082 516 probet,
1112 447 1145 501 H.
1174 447 1251 504 circa
1273 449 1352 504 XIV
1373 465 1494 504 annum

240 546 283 599 cel
303 545 375 600 circo
387 546 472 616 ficem
493 545 584 600 XIV.:
618 545 742 602 Videtur
763 559 829 616 ergo
880 543 911 598 in
933 558 994 598 eam
1016 544 1207 613 consensisse,
1236 553 1363 618 recepto
1393 547 1436 602 ab
1460 564 1492 602 eo

240 641 424 713 interpretari
450 643 505 697 illa
525 642 631 714 verba,
659 643 720 698 scil.
746 657 828 712 prox.
880 639 1050 710 iuramento,
1073 640 1150 712 quod
1165 649 1237 712 *post
1252 638 1293 715 ¹²)
1317 644 1492 716 legitimam

240 754 303 810 cap.
330 740 394 802 ¹,vel
409 738 586 811 pubertati·,
608 741 672 795 scil.
693 755 757 795 cum
771 738 828 792 iam
880 745 1000 792 aetatem
1021 737 1051 792 in
1075 753 1137 794 eam
1158 755 1215 794 uon
1237 742 1418 810 consensit,
1442 741 1490 795 alr

240 837 329 891 instat
349 837 414 891 inis
437 835 604 893 duodecimi
623 837 653 892 in
669 835 768 908 puelle
782 835 829 890 vel
881 835 1018 904 solvatur,
1040 842 1160 908 uterque
1181 852 1249 894 vero
1274 837 1315 894 ad
1340 839 1410 894 alia
1426 847 1490 894 vota

241 933 444 1006 quartidecimi
466 935 496 990 iu
518 949 623 1005 puero,
646 933 724 1005 quod
745 933 830 987 intel·
879 931 972 1002 possit
991 933 1172 1004 pertransire.

240 1031 317 1104 ligo,
346 1031 372 1085 si
399 1031 537 1087 medietas
562 1031 658 1086 ultimi
680 1031 750 1085 anni
770 1029 829 1086 iem

226 1135 314 1201 ¹esset
337 1135 496 1198 transacta,
526 1111 565 1183 a'r.
589 1128 654 1200 Dig.
676 1126 711 1185 de
732 1142 828 1184 exous.

241 1231 324 1281 tutor.
346 1224 532 1282 Neptunium
556 1223 603 1300 (L.
620 1219 682 1299 17).

655 1368 694 1437 C.
718 1370 767 1437 tl.
809 1369 860 1431 Ee
879 1371 985 1432 utteris
1007 1379 1059 1432 etc.

281 1503 370 1558 Casus
391 1503 422 1556 in
449 1502 547 1558 littera
573 1509 668 1574 patet3
696 1508 724 1558 et
751 1508 827 1566 nota,
919 1501 989 1556 Cum
1019 1501 1160 1572 quaedam
1186 1502 1288 1573 puella
1311 1501 1483 1558 duodennis

241 1598 319 1671 qnod
345 1599 394 1655 lric
424 1599 571 1655 discedam
601 1601 712 1656 volenti
744 1599 829 1654 datur
879 1607 1005 1655 amatre
1032 1606 1059 1655 et
1087 1597 1224 1655 iratribus
1250 1607 1329 1656 esset
1355 1599 1481 1672 despon-

239 1697 360 1752 lioentia
394 1696 564 1753 discedendi
592 1714 649 1754 non
679 1705 829 1768 expectata
878 1703 940 1752 sata
961 1695 1075 1752 cuidam
1096 1711 1186 1769 puero
1208 1698 1360 1766 novenni,
1387 1707 1418 1753 et
1441 1699 1480 1752 in-

163 1787 168 1797 “
239 1795 491 1867 legitimaaetate3
513 1795 721 1851 contradicitur
741 1811 828 1866 supra
879 1795 939 1849 vita
966 1795 995 1848 in
1026 1793 1142 1851 domurn
1162 1793 1246 1866 pueri
1268 1793 1431 1862 traducta,
1453 1797 1478 1850 in

239 1891 302 1947 eod.
324 1891 367 1946 Dc
389 1893 443 1945 illis
464 1889 502 1961 (o.
512 1885 556 1965 9),
578 1893 693 1947 Aeolis
714 1889 753 1965 (c.
764 1887 827 1965 10),
879 1907 936 1964 qua
964 1905 1029 1947 cnm
1057 1893 1088 1946 vi
1116 1897 1145 1946 et
1173 1898 1249 1946 metu
1277 1907 1334 1962 per
1370 1909 1477 1947 annun

237 1989 288 2044 sed
310 1990 444 2044 iortchic
459 1990 637 2057 iuitooaota,
659 1990 826 2058 ibivolens,
878 1989 1020 2059 stetisset,
1055 2003 1169 2044 reversa
1202 1995 1244 2042 est
1277 1987 1319 2043 ad
1358 1989 1476 2044 domurn

238 2087 285 2142 vel
307 2085 385 2157 quod
410 2102 498 2157 supra
519 2086 627 2143 dicitur
647 2095 759 2144 tenetur
780 2103 828 2142 ex·
877 2088 1041 2159 propriam3
1065 2085 1173 2153 dicens,
1188 2101 1218 2140 se
1229 2101 1399 2158 numquam
1416 2103 1476 2142 oon-

237 2191 368 2253 peotare,
397 2183 544 2256 intelligas
566 2183 601 2240 de
622 2183 720 2240 debito
741 2185 827 2240 hone·
878 2185 1017 2251 sensisse,
1058 2183 1111 2237 alii
1152 2181 1281 2238 nubendi
1322 2184 1475 2240 licentiam

239 2280 336 2348 statis,
360 2295 417 2336 non
438 2282 625 2336 necessitatis.
878 2283 959 2354 petit.
1003 2281 1044 2336 De
1073 2293 1129 2352 quo
1157 2279 1212 2335 tibi
1240 2281 1416 2336 consulenti
1437 2297 1473 2335 re·

878 2375 1069 2450 spondemus,
1092 2376 1186 2449 quod,
1214 2378 1240 2432 si
1267 2384 1294 2432 et
1322 2377 1472 2435 admonita

236 2475 319 2546 pueri
339 2473 520 2546 pubertatem
541 2475 668 2531 noluerit
689 2483 860 2547 expectare,
889 2476 915 2531 si
934 2475 1093 2547 praemissa
1113 2475 1312 2544 constiterint,
1344 2475 1404 2531 alii
1424 2492 1470 2530 nu-

238 2571 327 2628 bendi
349 2573 456 2643 poteris
478 2573 546 2629 dare
566 2573 739 2630 libertatem.

324 2918 380 2978 liis.
401 2920 429 2978 l.
456 2918 499 2978 ttt
519 2919 561 2978 1⁰.
608 2920 653 2980 lio
679 2917 878 2982 homicidio
904 2917 1118 2979 voluntario
1145 2919 1201 2979 rol
1228 2918 1386 2980 casuali.

548 3037 586 3105 C.
611 3041 638 3105 1.
682 3044 717 3104 st
736 3047 803 3122 peis
819 3063 877 3121 per
896 3043 1080 3106 industriam
1101 3049 1154 3102 cto.

275 3173 319 3234 Ab'
339 3181 437 3234 odori:
467 3178 594 3264 Videtur
621 3187 710 3238 contr.
741 3197 828 3254 supra
918 3181 979 3238 lieo
1008 3181 1044 3237 de
1064 3181 1119 3236 illo
1141 3178 1227 3236 debet
1247 3180 1394 3254 intelligi,
1420 3182 1465 3252 qni

237 3279 267 3334 G.
280 3277 375 3332 XVII.
391 3293 438 3348 qu.
450 3271 470 3334 4
484 3276 559 3332 Simas
574 3279 722 3350 antiquitas
735 3276 773 3349 (c.
783 3273 827 3354 6),
877 3276 996 3352 publice
1017 3277 1174 3332 insidiatur
1194 3283 1221 3332 ct
1242 3276 1381 3348 publions
1397 3279 1464 3332 latro

236 3375 288 3430 sed
309 3373 388 3445 quod
408 3374 458 3428 hic
479 3373 603 3443 dicitur,
632 3382 674 3430 est
701 3374 736 3431 de
764 3377 828 3448 loge
878 3383 936 3443 est,
960 3381 992 3431 nt
1006 3376 1037 3432 C.
1049 3374 1143 3432 XVII.
1166 3369 1250 3445 qu.4
1270 3374 1348 3430 Sicut
1370 3372 1410 3445 (c.
1424 3369 1462 3448 6).

237 3472 381 3539 Mosaica,
411 3485 464 3525 nec
484 3469 573 3526 hodie
598 3479 744 3542 servatur,
776 3469 828 3528 sed

237 3575 396 3624 correctum
416 3572 543 3638 putatur.

671 3709 710 3780 O·
730 3714 761 3782 2.
804 3716 841 3778 st
860 3717 956 3779 ricae
975 3722 1028 3776 ccc.

275 3842 431 3899 liberticam
448 3844 565 3916 facerit.-
594 3844 677 3914 Quod
704 3846 754 3902 hic
781 3845 825 3900 in·
916 3845 972 3913 Qui
985 3844 1127 3916 percussit
1136 3850 1352 3917 praegnantem,
1374 3846 1399 3900 si
1413 3847 1461 3900 illa
1516 3927 1517 3932 η

237 3941 375 3998 distincte
398 3940 513 4010 dicitur,
536 3943 608 3997 alibi
626 3942 826 4016 distinguitur,
876 3941 982 4010 evadit,
1001 3942 1138 4012 punietur
1151 3941 1360 4014 pecuniariter3
1381 3943 1406 3997 si
1419 3959 1460 4000 oc·

236 4041 274 4095 sit
305 4041 457 4095 formatum
488 4040 672 4111 puerperium
703 4042 751 4096 vel
782 4042 827 4094 in·
876 4037 997 4108 uiderit,
1019 4039 1106 4093 etiam
1126 4043 1154 4092 et
1173 4038 1237 4110 ipse
1258 4040 1403 4095 morietur.

237 4137 342 4205 iorme,
372 4143 404 4192 nt
433 4137 463 4192 C.
479 4135 602 4194 XXXII.
635 4131 722 4209 qn.2
750 4137 828 4201 Quod

234 4251 296 4288 cero
318 4229 358 4305 (c.
373 4227 416 4306 8).
452 4234 536 4290 Circa
556 4232 723 4291 huiusmodi
744 4233 877 4290 abortum
898 4231 986 4290 hodie
1000 4231 1144 4289 crederem
1158 4229 1403 4304 distinguendum,
1424 4252 1457 4289 an

236 4345 273 4386 ex
293 4329 459 4386 huiusmodi
480 4331 584 4388 abortu
607 4337 707 4388 secuta
727 4337 768 4388 est
790 4327 895 4404 [mors]
911 4327 936 4404 ¹)
963 4325 1162 4405 utrlns[que],
1191 4329 1254 4386 scil.
1277 4321 1414 4400 parientis
1433 4339 1456 4390 et

237 4537 273 4600 ¹²)
292 4537 405 4606 Scripsit
423 4538 547 4592 librarius
562 4554 582 4604 p
600 4515 616 4604 ὅ
634 4538 692 4607 (pro
711 4538 788 4606 qeo),
807 4536 855 4592 sed
872 4535 959 4592 voluit
974 4543 1045 4592 certe
1065 4537 1181 4592 scribere
1199 4502 1256 4601 913.
