3062 5174
486 243 604 302 GASUS
626 241 913 300 DECRE'I'ALIUM.

456 531 495 598 O.
525 535 554 600 7.
605 533 656 594 Ad
685 535 757 595 bueo
790 537 857 596 lieet
885 543 938 596 etc.

118 691 226 746 Poteris
252 691 383 746 tolerare:
403 690 487 757 Note,
508 688 588 760 quod
602 704 671 760 qua·
762 690 834 744 Cum
864 687 943 762 apud
973 705 1024 745 voa
1055 689 1094 744 sit
1124 689 1310 758 consuetudo,

72 794 146 842 tuor
167 803 203 842 ex
217 788 312 844 causis
327 786 504 844 consuetudo
520 786 672 856 perimitur
722 793 754 840 ut
778 786 900 842 clericus
928 789 1053 842 moriens
1080 793 1147 856 post
1173 785 1311 842 calendas

73 891 108 940 et
126 884 307 955 reprobatur,
329 899 394 940 cum
409 883 477 938 fidei
492 883 669 953 obloquitur,
721 883 821 937 Martii
842 883 889 938 vel
910 890 975 938 ante
990 883 1125 940 calendas
1139 881 1311 940 Novembris

74 997 144 1038 cum
174 983 233 1054 legi
261 983 370 1038 resistit
384 977 439 1053 ¹¹),
469 997 535 1035 cum
565 979 672 1034 rationi
722 979 821 1034 testari
851 981 944 1052 possit
975 979 1011 1038 de
1038 980 1195 1049 beneficio,
1233 979 1311 1052 quod

72 1085 230 1151 repugnat,
247 1079 590 1150 cumhonorcmgravat3
606 1091 672 1132 cum
720 1082 780 1132 toto
813 1091 888 1148 anno
919 1078 1069 1148 percipere
1100 1077 1204 1146 debet,
1235 1078 1311 1134 hanc

75 1175 150 1230 fidei
171 1174 348 1246 obloquitur,
369 1183 402 1230 ut
422 1175 469 1229 Di.
483 1173 533 1232 Xl.
552 1173 672 1228 Consue-
722 1174 959 1230 consuetudinem
981 1174 1104 1235 tolerare
1123 1183 1221 1246 potes,
1243 1176 1313 1231 licet

75 1273 198 1328 tudinem
220 1269 259 1344 (c.
274 1266 317 1354 b),
341 1287 406 1327 cum
426 1272 485 1344 legi
503 1271 620 1340 resistit,
642 1277 674 1325 ut
722 1286 780 1326 non
802 1272 840 1326 ait
860 1286 986 1328 consona
1007 1273 1130 1341 rationi,
1155 1273 1311 1345 praeprue

74 1369 190 1426 Din.
215 1369 285 1424 Usus
307 1365 346 1438 (c.
360 1364 393 1441 1)
416 1375 444 1423 et
466 1369 512 1422 Di.
527 1367 592 1424 XII.
614 1367 673 1421 Scit
722 1369 748 1422 si
775 1367 927 1424 defunctus
956 1375 1089 1441 gravetur
1117 1386 1202 1427 onere
1231 1371 1312 1426 debi-

73 1477 173 1523 soocto
188 1463 227 1538 (c.
239 1461 283 1539 3),
306 1481 371 1524 cum
392 1466 499 1521 rationi
521 1472 670 1536 repugnat,
721 1471 831 1532 torum;
866 1455 921 1520 hoc
952 1472 1047 1522 autem
1077 1468 1193 1538 penitus
1223 1467 1312 1523 iuter-

72 1573 109 1620 ut
130 1565 177 1620 Di.
191 1563 272 1619 VIII.
299 1563 417 1618 Veritcte
438 1559 479 1634 (c.
492 1558 534 1634 5),
555 1563 672 1618 Ilustru
722 1560 855 1629 dicimus,
877 1569 909 1616 ut
930 1579 1003 1618 unus
1024 1563 1055 1617 iu
1078 1564 1200 1620 diversis
1221 1565 1311 1622 ecele-
1399 1601 1401 1606 ,

75 1659 118 1733 (e.
125 1657 168 1735 7),
179 1660 505 1731 cumhonoremgravat,
514 1658 669 1714 utDi.XII.
721 1659 772 1714 siis
786 1659 892 1714 habeat
907 1658 1071 1732 dignitates,
1087 1677 1152 1716 cum
1166 1677 1311 1733 unaquae-

74 1749 300 1830 Omoio(c.'12).
337 1758 409 1812 Cum
428 1757 518 1830 igitur
531 1755 589 1810 ista
603 1771 671 1810 con·
698 1782 702 1790 ·
721 1771 776 1827 que
797 1771 937 1828 personae
951 1757 1142 1828 praesentiam
1158 1757 1310 1815 desideret.

72 1855 199 1912 suetudo
228 1861 255 1912 et
276 1869 396 1910 onerosa
417 1853 456 1908 sit
476 1867 531 1908 nec
553 1867 670 1908 cousen-

72 1961 160 2010 tanea
180 1953 296 2020 rationi,
318 1967 377 2007 non
399 1951 453 2006 erit
472 1951 655 2020 ailquatenus
671 1948 876 2020 approbanda3
899 1949 950 2005 sed
964 1949 1034 2004 licet
1046 1965 1105 2006 non
1119 1958 1194 2008 esset
1207 1969 1312 2023 appro-

70 2050 183 2119 banda,
206 2052 275 2121 quia
295 2057 389 2104 temen
410 2049 442 2102 iu
456 2048 556 2102 multis
571 2047 701 2104 ecelesiis
716 2043 932 2117 observabatur,
954 2052 1066 2117 poterat
1080 2063 1138 2102 uon
1153 2050 1312 2122 incongrue

70 2147 203 2204 tolerari,
245 2147 335 2218 Saepe
357 2161 481 2216 namque
501 2160 554 2216 pro
576 2143 697 2198 vitando
718 2143 855 2199 scandalo
876 2143 923 2210 nt,
949 2143 1028 2214 quod
1048 2144 1121 2200 alias
1142 2161 1201 2200 non
1222 2147 1311 2216 fleret,
1375 2213 1379 2223 ,

70 2251 104 2299 et
124 2245 291 2310 sustinetur,
314 2241 392 2314 quod
413 2243 485 2298 alias
507 2257 564 2298 nou
586 2241 782 2310 sustineretur,
804 2247 836 2294 ut
856 2257 896 2294 ar.
920 2240 966 2294 Di.
977 2240 1112 2298 XXXIII.
1136 2241 1225 2314 Usque
1243 2246 1312 2300 odeo

69 2337 115 2412 (c.
131 2335 164 2411 5)
185 2347 213 2396 et
234 2340 280 2394 Di.
296 2340 343 2394 LI.
357 2339 519 2412 Aliquantos
534 2336 574 2410 (c.
590 2335 622 2412 1)
636 2367 675 2378 -
696 2338 764 2392 illud
777 2346 830 2391 est:
853 2336 989 2410 Singulae
1010 2353 1135 2410 namque
1157 2339 1312 2412 dignitates

69 2437 204 2509 singulas
224 2435 330 2492 habere
352 2436 459 2492 debent
484 2451 639 2508 personas;
667 2434 831 2506 presbyter,
854 2434 981 2492 ecelesia
1002 2423 1106 2492 ⁹inn⁰i
1125 2437 1219 2494 honor
1238 2453 1313 2494 unua

72 2543 105 2590 et
124 2551 194 2602 uua,
215 2541 248 2592 ut
269 2534 315 2588 Di.
338 2529 395 2604 (sic
404 2527 427 2608 1)
1367 2515 1369 2520 ⁵

520 2703 558 2772 Ο.
580 2706 610 2773 8.
653 2709 802 2771 Admouet
824 2717 875 2770 etc.

115 2863 223 2936 Absque
243 2871 288 2918 tuo
313 2879 442 2918 maenaa.-
463 2861 568 2918 Nullus
591 2865 667 2918 enim
759 2863 927 2936 PraeeIpias
948 2863 979 2917 in
1001 2869 1050 2919 tuo
1072 2863 1256 2936 episcopatu,
1278 2873 1311 2920 ut

72 2961 224 3033 praelatus
244 2961 322 3016 infra
343 2961 509 3032 episcopum
532 2961 668 3016 constitu·
718 2961 817 3016 nullus
857 2959 1010 3032 presbyter
1049 2959 1084 3018 de
1118 2961 1204 3018 rebus
1242 2978 1311 3018 suae

73 3067 122 3114 tus
154 3057 240 3113 debet
270 3057 419 3114 instituere
455 3059 607 3114 ecclesiam
641 3063 669 3112 et
718 3057 858 3113 eeclesiae
880 3063 1007 3126 testetur,
1029 3063 1057 3114 et
1077 3057 1103 3112 si
1123 3058 1160 3114 ab
1174 3059 1311 3114 intestato

73 3155 202 3212 maxime
217 3154 415 3226 paroobIalem
431 3155 541 3225 absque
553 3154 668 3225 proprii
719 3153 881 3223 decesserit,
903 3153 981 3209 bona
1001 3155 1141 3210 ecclesiae
1163 3155 1222 3211 sibi
1243 3171 1310 3211 eon-

74 3251 209 3323 episcopi
230 3266 348 3306 assensu
372 3259 400 3306 et
420 3252 606 3320 auctoritate,
635 3258 667 3306 ut
717 3259 882 3320 serventur3
895 3250 930 3306 de
942 3249 1008 3306 eills
1018 3267 1094 3320 vero,
1108 3267 1181 3324 quae
1190 3252 1310 3308 aliunde

75 3351 110 3406 O.
121 3349 199 3404 XVI.
222 3343 300 3420 qu.7
320 3347 419 3404 Nullus
433 3351 539 3404 omniuo
554 3346 594 3420 (c.
607 3343 670 3421 11),
720 3348 884 3420 acquisivit,
906 3347 999 3404 libere
1019 3355 1145 3404 testetur.
1188 3349 1312 3420 Insuper

75 3447 149 3502 licet
169 3445 248 3516 apud
277 3445 417 3516 quosdam
440 3445 617 3502 consuetudo
639 3447 669 3499 in
720 3446 889 3514 statuImus,
916 3453 948 3501 nt
975 3445 1074 3501 nullus
1094 3445 1246 3517 presbyter
1266 3448 1311 3501 in-

75 3545 255 3600 contrarium
275 3542 426 3598 habeatur.
720 3543 851 3603 consulto
866 3543 1002 3614 episcopo
1021 3545 1175 3600 eeclesiam
1189 3545 1312 3614 recipiat

720 3647 769 3694 aut
783 3647 924 3710 receptam
941 3639 1077 3710 dImittat,
1092 3647 1120 3696 et
1134 3641 1185 3712 qui
1199 3641 1311 3709 fecerit,

719 3737 859 3793 canonice
878 3741 1055 3793 coerceatur.

511 3909 550 3976 0.
571 3911 600 3977 9.
644 3911 721 3976 Oum
739 3931 810 3975 osea
830 3921 882 3976 etc.

121 4069 203 4125 SIcut
242 4068 273 4122 in
315 4081 426 4123 summa
461 4066 671 4138 praediximus,
760 4065 794 4123 Iu
824 4067 881 4123 boe
912 4081 974 4138 cap.
1005 4074 1034 4122 et
1067 4069 1199 4139 sequenti
1232 4066 1311 4122 idem

78 4165 159 4238 quod
185 4154 221 4220 in'
244 4164 300 4220 hoc
330 4170 358 4218 et
383 4164 576 4234 insequenti
607 4179 670 4236 esp.
722 4179 804 4220 casus
822 4171 882 4233 est3
903 4171 1053 4235 putacum
1074 4170 1148 4219 esset
1166 4164 1225 4219 loci
1246 4179 1313 4219 con-

79 4262 204 4328 dicitur,
227 4262 356 4332 speciale
379 4261 473 4315 estin
495 4263 671 4316 testamentis
721 4261 853 4330 suetudo,
875 4268 916 4327 ut,
936 4262 961 4316 si
974 4261 1109 4316 intestato
1126 4259 1240 4332 aliquid
1254 4262 1312 4332 piis

77 4365 109 4416 et
128 4360 243 4432 legatia,
265 4371 339 4430 quaa
358 4357 488 4414 ecclesiis
503 4358 584 4412 fiunt.
616 4357 671 4415 Re-
722 4359 816 4416 causis
838 4359 1064 4430 relisqueretur,
1086 4373 1145 4413 non
1167 4358 1251 4413 aliter
1272 4359 1312 4413 le·

80 4595 116 4661 ¹')
136 4593 203 4649 eod.
220 4593 265 4645 aad
280 4592 359 4646 electra
423 4591 456 4656 ¹¹)
476 4589 542 4645 coo.
561 4591 604 4644 bIc
622 4598 724 4656 amour,
749 4607 810 4644 mox
832 4607 874 4653 re,-
897 4591 946 4644 sed
964 4590 1177 4644 emendationem
1196 4596 1314 4644 nostram

1014 4683 1100 4764 22*
