3046 5186
443 219 556 278 urunt
583 221 621 278 IL
671 221 746 278 ΤΠ.
777 217 879 281 7--9.
1241 217 1283 282 39

41 395 160 460 niniae
194 404 230 460 et
258 396 361 464 saneti
381 395 532 460 Iohannis
554 394 718 480 Baptistae
742 401 774 460 et
794 394 1031 482 Apostolorum.
1074 397 1279 482 Repentinus,
1398 399 1400 408 “

41 515 71 568 ut
86 504 127 568 ob
150 505 300 570 natalem
315 509 354 588 21)
376 504 594 591 Imperatoris,
616 503 745 572 obrem
764 527 914 592 prospere
934 515 1074 594 gestem,
1095 516 1173 592 puta
1187 505 1227 572 ob
1240 511 1278 586 ²²)
1381 581 1383 593 Ι

40 614 226 692 vintoniam
257 615 292 680 in
312 614 362 680 his
385 623 491 680 eutem
513 614 600 680 feriis
623 635 738 680 eamne
759 616 887 681 tracturi
907 638 972 680 non
990 616 1108 682 debent
1129 637 1188 680 neo
1209 637 1280 680 sen-

39 723 132 788 tentia
145 723 243 802 ferri,
270 733 306 790 ut
324 724 377 789 hie
399 734 431 790 et
446 745 544 810 supra
565 723 604 791 Ο.
616 721 689 790 XV.
705 746 758 808 qu.
772 727 803 792 4.
826 746 853 790 e.
871 730 885 792 t
905 735 937 790 et
950 728 971 792 2
985 735 1017 790 et
1031 725 1113 792 cod.
1127 725 1197 790 eod.
1213 724 1280 790 fere

37 855 89 917 per
109 843 223 900 totum
247 843 281 900 et
301 834 380 920 Dig.
402 834 472 900 eod.
492 834 560 899 fere
580 855 638 920 per
658 841 760 898 totum
775 835 832 917 23);
853 845 887 900 et
907 834 934 900 si
955 835 1136 902 lota·fuerit
1155 844 1280 902 senten·-

34 943 73 1008 tin
94 943 150 1008 die
173 943 311 1022 feriato,
340 965 405 1008 non
425 952 525 1022 tenet,
547 943 608 1008 nisi
627 942 694 1008 latu
713 943 755 1008 sit
769 943 807 1025 24)
832 943 872 1010 de
892 944 1029 1031 partium
1049 964 1222 1030 eonsensu,
1244 953 1280 1009 nt

35 1053 108 1138 Dig.
126 1053 206 1119 eod
222 1059 260 1118 St
278 1057 396 1136 tentatis
420 1053 472 1135 (L.
487 1055 531 1135 6).
572 1052 811 1138 Temporsneue
831 1053 930 1120 feriae
951 1063 1040 1132 sunt,
1062 1075 1144 1138 quoe
1165 1054 1280 1120 dantur

33 1161 186 1249 frugibus
216 1161 406 1249 oolligendis
436 1171 467 1227 et
485 1170 571 1228 sunt
592 1159 628 1226 Il
648 1163 804 1228 mensium
825 1163 1000 1230 seeundum
1020 1163 1125 1228 votius
1145 1163 1224 1234 ritus
1239 1166 1278 1246 25)

33 1281 212 1350 terrerum,
243 1272 277 1337 in
302 1271 417 1356 quibm
446 1271 589 1337 similiter
616 1291 733 1337 eumne
752 1271 880 1338 troetmi
901 1293 965 1340 non
986 1272 1117 1351 debent,
1139 1283 1175 1338 ut
1197 1272 1278 1340 cod.
1406 1334 1410 1344 ,

33 1381 100 1446 en
124 1387 281 1448 neem
306 1382 358 1464 (n.
374 1383 423 1463 o),
447 1387 560 1446 omne
580 1381 634 1464 (n.
649 1384 693 1464 τ).

524 1687 698 1774 ulturus
722 1688 809 1772 uu.

34 1863 73 1922 lte
108 1877 234 1923 eante
266 1862 520 1936 oosreortouts
560 1865 596 1921 et
631 1860 884 1936 proprietatio
917 1860 951 1919 tn
986 1861 1106 1920 eodem
1140 1859 1279 1920 tndteto

586 1969 682 2028 note
705 1965 738 2042 ¹).
1315 1969 1318 1978 “

119 2142 293 2226 Quoniam
314 2142 349 2206 in
368 2137 509 2220 indiciis,
532 2141 572 2207 de
591 2141 706 2227 quibus
721 2142 841 2207 dietum
855 2149 912 2220 est,
935 2161 1030 2228 saepe
1045 2141 1150 2228 agitur
1163 2139 1279 2206 iudicio

34 2252 238 2338 possessorio
252 2253 296 2332 ²),
329 2271 424 2338 saepe
456 2253 615 2338 petitorio,
646 2251 667 2316 i.
690 2275 718 2317 e.
749 2247 939 2337 quandoque
953 2253 979 2334 3)
1007 2251 1046 2316 de
1067 2249 1276 2337 possessione,

34 2365 234 2448 quandoque
269 2362 309 2427 de
343 2361 534 2449 proprietate
548 2362 591 2442 ⁶),
627 2371 659 2426 et
695 2357 864 2447 eliquendo'
894 2360 962 2426 fere
990 2361 1084 2426 simul
1113 2367 1280 2425 moventur

35 2484 211 2558 utraeque,
235 2471 353 2536 ideireo
369 2471 393 2551 ὅ)
416 2471 501 2558 opud
523 2493 617 2556 quem
637 2471 775 2536 iudicem
795 2470 922 2536 tractari
944 2469 1079 2536 debeant
1101 2469 1276 2534 audiemus.

37 2583 218 2649 Sciendum
237 2589 286 2646 est
306 2579 412 2666 igitur,
435 2579 521 2665 quod
543 2579 628 2668 opud
649 2580 785 2646 eundem
805 2579 942 2645 iudicem
956 2593 1029 2646 sunt
1045 2577 1227 2644 tractandae
1241 2577 1278 2662 ⁶),

35 2703 68 2757 ut
89 2713 267 2758 causarum
290 2689 482 2756 continentie
501 2713 565 2756 non
586 2689 745 2756 dividetur
759 2693 795 2772 7),
816 2699 851 2754 ut
871 2689 958 2770 hiet)
982 2698 1013 2754 et
1029 2687 1110 2755 Cod.
1129 2687 1169 2754 de
1182 2687 1277 2753 indie.

37 2807 122 2867 Nulli
148 2821 283 2882 promo
311 2799 365 2878 (L.
384 2801 450 2880 10);
479 2800 566 2886 prius
589 2807 696 2864 tamen
716 2799 757 2864 de
778 2799 995 2885 possessione3
1026 2821 1122 2883 quem
1143 2798 1183 2864 de
1203 2816 1277 2884 pro·

37 2911 177 2997 prietate
198 2905 294 2976 debet
314 2907 463 2988 iudicari,
484 2918 521 2974 ut
541 2905 622 2976 Ood.
643 2907 683 2976 de
703 2909 750 2974 rei
771 2907 886 2973 vindic.
912 2911 1071 2973 Ordtuartt
1092 2909 1145 2988 (L.
1163 2909 1225 2989 13).

536 3213 711 3299 ulturus
735 3213 789 3298 ld.

341 3353 384 3448 ite
413 3387 658 3447 restitutione
685 3387 929 3462 spoliatorum
952 3383 985 3456 ¹).

125 3565 217 3652 eria
236 3563 363 3652 spoliati
377 3564 484 3630 stetim
497 3563 531 3628 in
544 3561 661 3628 iudicio
674 3561 903 3628 restitutionem
916 3568 1023 3648 petere
1038 3569 1277 3637 consueverunt,

41 3701 105 3743 non
124 3675 285 3746 immerito
314 3674 354 3739 de
380 3674 522 3760 ipsorum
550 3671 745 3737 restitutione
773 3671 939 3736 audiemus
954 3673 996 3750 ²),
1026 3669 1067 3734 de
1095 3669 1278 3754 quostiam

43 3917 76 3981 11)
94 3913 189 3972 Μο.3
209 3915 305 3964 obnata.
371 3911 405 3976 ²²)
430 3909 504 3963 Idem
522 3882 567 3978 piri.
586 3908 736 3976 (publicae)
753 3905 791 3958 ret
806 3905 850 3970 ot,
871 3923 903 3960 ex
921 3905 1038 3971 librarii,
1063 3905 1135 3972 quod
1155 3905 1220 3958 mihi
1240 3907 1278 3960 iu-

44 3985 171 4050 dnbium‚
190 4001 246 4038 non
265 3991 317 4034 tem
338 3983 440 4034 incuria
461 3997 540 4046 quam
559 3993 655 4030 errore.
721 3975 755 4041 ²³)
774 3975 805 4028 In
824 3973 911 4029 Mol
933 3983 959 4030 et
978 3973 1026 4027 Vi.
1051 3975 1126 4028 deest
1144 3973 1228 4027 Pand.
1249 3977 1278 4028 ti-

45 4057 90 4108 tuli
108 4055 249 4121 allegatio.
302 4051 337 4117 ²⁴)
355 4049 408 4102 Pa.
423 4049 511 4116 fuerit
564 4047 599 4111 ²⁵)
618 4045 668 4099 Li.
680 4047 755 4110 finer.

113 4141 162 4194 Tu
174 4138 248 4194 8.-
282 4140 304 4199 ¹)
323 4135 470 4192 Denuntio
483 4134 612 4192 Medio
625 4133 760 4186 endemetc.
813 4132 837 4194 ²)
857 4129 1102 4198 Pnponemionario.
1150 4129 1279 4194 unet

44 4211 182 4278 aliquando.
238 4208 262 4272 ⁴)
281 4207 354 4260 Haeo
372 4208 455 4260 verba
474 4208 501 4258 in
520 4201 611 4260 Mod
630 4211 656 4256 et
673 4199 728 4255 Ha.
747 4203 834 4267 obvie,
854 4217 922 4270 quae
941 4202 968 4252 in
987 4199 1049 4266 Po,
1069 4197 1167 4266 Met,
1187 4199 1236 4252 Li.
1251 4207 1277 4252 et

45 4281 91 4334 Vi.
109 4283 191 4350 plane
211 4279 320 4342 desunt,
338 4278 366 4328 in
385 4275 447 4328 Mo.
463 4275 474 4330 1
495 4277 553 4340 ipse
571 4273 706 4338 librarius,
725 4273 761 4324 uti
778 4289 810 4324 ex
823 4271 969 4324 litterarum
989 4270 1070 4322 ductu
1084 4277 1163 4336 putet,
1181 4267 1277 4322 adiecit

44 4353 74 4404 ad
86 4353 246 4418 marginem.
292 4343 453 4407 ⁵)Vi.ideo.
497 4339 882 4408 ⁸)Mo.2caunoetracmndoe.
922 4335 1066 4402 ⁹)InPa„
1085 4335 1273 4392 Mestum.

45 4423 114 4474 deest
131 4437 197 4482 nom
216 4415 308 4472 Μο.3
326 4431 356 4465 ne
373 4432 438 4465 cam.
457 4411 615 4464 continentiae
633 4411 780 4474 dividantur,
801 4416 827 4462 et
845 4412 885 4462 sie
904 4425 966 4461 oum
985 4407 1072 4462 Met
1094 4414 1120 4458 et
1132 4407 1189 4473 Vt,
1208 4422 1277 4471 quos

46 4509 148 4559 sequor,
167 4486 324 4544 coneordat.
378 4483 403 4548 ⁸)
421 4483 471 4536 Vi.
490 4493 513 4538 et
529 4481 578 4533 sed.
788 4545 792 4552 ι

106 4577 155 4632 Tit.
169 4575 196 4628 9.
217 4603 250 4614 -
291 4574 312 4637 ¹)
332 4570 402 4626 Cum
422 4586 509 4640 neque
527 4572 596 4624 inter
608 4585 637 4630 se
651 4567 812 4623 concordent
824 4567 967 4634 scriptores
980 4577 1068 4631 neque
1082 4563 1198 4630 sibiipsi
1212 4578 1273 4618 oon·
