3098 5184
218 235 290 294 XVI
697 231 970 292 PRAEFATIO

218 421 268 478 aut
289 411 423 477 eiusdem
444 411 547 475 aetatis
567 417 618 474 aut
641 412 824 492 posteriores
845 411 1028 494 glossatores
1056 419 1086 476 et
1113 423 1361 479 commentatores
1389 421 1447 477 tra·

218 524 371 602 diderunt,
402 522 549 602 totiesque
572 539 608 584 ea
628 538 722 603 nuper
742 529 809 585 sunt
836 524 912 605 typis
939 523 1078 604 repetita,
1108 531 1140 586 ut
1161 523 1210 586 diu
1231 524 1446 603 haesitaverim,

217 642 314 697 utrum
335 631 407 695 mihi
433 633 465 694 in
490 631 576 694 buius
597 631 664 694 libri
683 632 855 713 Appendioe
884 632 939 696 sub
959 632 1031 696 Nro.
1046 633 1094 698 Vl.
1117 632 1221 696 barum
1250 636 1448 698 narrationum

218 761 314 807 novus
347 744 385 806 sit
416 749 592 823 conspectus
623 741 735 806 dandus
764 759 876 822 necne,
911 742 990 823 quod
1021 749 1136 823 umen,
1177 750 1208 806 ut
1236 744 1305 807 illuc
1336 746 1447 824 possim

218 855 369 917 remittere
389 852 535 931 lectores,
557 852 647 915 ratius
669 869 738 915 esse
760 851 838 914 duxi.

302 963 334 1025 ln
357 963 391 1025 iis
413 979 485 1024 vcro
509 979 684 1043 quamquam
711 962 852 1026 subsistet
878 961 954 1024 hacc
982 962 1142 1042 praelatio,
1171 981 1247 1044 quae
1270 966 1390 1045 propius
1411 965 1447 1026 ad

219 1073 334 1137 libellos
355 1074 503 1154 pertinent
523 1091 540 1135 a
560 1090 608 1134 me
624 1071 728 1150 aditos,
751 1071 821 1134 mihi
835 1079 950 1151 tamen,
972 1073 1139 1154 priusquam
1154 1071 1223 1135 illuc
1237 1075 1447 1155 transgrediar,

219 1201 309 1246 unum
331 1183 442 1246 addere
463 1182 551 1244 liceat
571 1181 610 1244 de
631 1182 703 1262 ipsis
725 1181 988 1263 compilationibus.
1032 1181 1117 1255 Quod
1132 1182 1283 1246 animiam
1299 1185 1347 1246 diu
1369 1201 1449 1246 com-

219 1293 321 1376 plures
342 1298 531 1375 optaverunt,
553 1290 599 1371 id,
629 1307 687 1371 quo
709 1292 838 1354 rariores
859 1291 1038 1374 maiorisque
1060 1292 1147 1372 pretii
1174 1294 1231 1356 sint
1252 1293 1365 1356 illarum
1388 1293 1450 1356 edi·

218 1406 332 1483 tiones,
356 1409 386 1465 et
407 1403 470 1484 ipse
492 1419 579 1482 quam
601 1402 729 1464 maxime
749 1400 846 1464 babeo
864 1401 895 1463 in
910 1403 1001 1482 votis,
1023 1399 1087 1464 scil.
1101 1409 1134 1465 ut
1147 1401 1264 1466 tandem
1279 1404 1449 1466 nostratium

220 1515 286 1595 quis
307 1529 404 1576 novae
425 1511 573 1594 parandae
596 1510 746 1589 editionis,
765 1510 792 1574 si
812 1528 872 1573 non
894 1512 1037 1591 omnium,
1060 1518 1142 1574 certe
1162 1513 1292 1593 priorum
1315 1520 1345 1575 et
1365 1529 1451 1594 prae·

220 1624 307 1704 cipue
339 1621 482 1686 Bemardi
524 1620 731 1684 collectionum
773 1619 829 1684 sibi
872 1621 1002 1702 imponat
1040 1639 1157 1702 curam,
1199 1641 1216 1685 a
1247 1622 1403 1703 ffleagans
1423 1623 1449 1703 ⁸)

220 1733 394 1815 aliqnando,
416 1731 479 1796 soil.
501 1729 592 1794 ahlio
606 1729 733 1812 losepbo
749 1730 877 1793 Antonio
900 1731 938 1793 de
960 1730 1009 1794 illa
1023 1729 1064 1811 9Ι,
1085 1731 1124 1795 de
1138 1731 1306 1795 lionoriana
1328 1753 1345 1796 a
1367 1739 1450 1814 patre

220 1844 309 1908 Paulo
331 1841 457 1924 losepbo
470 1843 508 1921 ιοΙ
531 1847 713 1922 susceptam,
737 1840 792 1903 scd
813 1840 850 1903 ad
864 1839 953 1903 finem
968 1859 985 1903 a
1001 1849 1107 1904 neutro
1121 1843 1302 1924 perductam.
1337 1843 1452 1906 Veren-

222 1955 292 2018 dum
319 1954 438 2036 quidem
468 1960 529 2030 est,
559 1970 598 2014 ne
627 1949 771 2032 deperditi
799 1951 871 2029 sint,
900 1967 976 2031 quos
1004 1951 1124 2015 codices
1145 1952 1175 2014 in
1197 1952 1359 2016 subsidium
1380 1970 1452 2015 suae

222 2066 359 2130 editionis
380 2062 542 2125 adduxerat
562 2061 745 2142 Augustinus
766 2079 805 2122 ex
826 2060 1073 2141 Tarraconensis,
1102 2061 1328 2125 Barcinonensis
1350 2069 1380 2124 et
1400 2061 1452 2124 Pa-

221 2175 403 2239 normitanae
432 2171 626 2235 ecclesiarum
654 2169 750 2250 libris,
780 2171 848 2252 qnia
877 2187 981 2234 eorum
1011 2170 1122 2250 nullum
1152 2177 1265 2234 certum
1296 2171 1452 2253 vestigium

221 2286 299 2350 inest
320 2282 476 2366 catalogis,
500 2281 550 2364 qui
564 2281 601 2344 de
616 2279 730 2344 illarum
744 2281 902 2363 regionum
916 2280 1067 2346 hodiernis
1080 2279 1267 2344 bibliothecis
1288 2287 1387 2344 extant
1399 2281 1453 2360 ¹¹);

268 2599 292 2664 ⁸)
309 2597 351 2650 Ex
369 2598 527 2650 translatitio
547 2599 624 2665 quasi
643 2614 730 2651 errore
750 2598 911 2652 recentiores
929 2599 983 2650 lere
1002 2615 1112 2667 omnes,
1138 2598 1212 2667 quod
1229 2599 1356 2664 viderim,
1381 2596 1454 2649 Ciro-

310 2687 405 2738 nianae
424 2701 533 2752 quoque
552 2685 677 2738 editionis
696 2685 771 2748 (nam
794 2686 859 2736 novi
878 2684 943 2751 quid
962 2701 1016 2740 non
1035 2685 1113 2738 datur
1129 2692 1233 2753 praeter
1251 2683 1317 2736 Ood.
1338 2681 1454 2737 Vindob.

308 2772 453 2825 lectionum
472 2774 640 2834 varietatem)
658 2773 842 2838 repetitionem
867 2769 1004 2825 vindicant
1029 2772 1100 2839 lilio,
1123 2773 1202 2838 isque
1221 2773 1248 2824 in
1270 2768 1402 2838 Opuscul.
1421 2770 1453 2821 ad

309 2859 372 2912 bist.
398 2866 425 2911 et
448 2858 593 2924 iurisprud.
619 2873 706 2924 praec.
729 2857 825 2910 eccles.
844 2859 986 2924 pertinent.
1003 2874 1030 2924 p.
1043 2857 1093 2914 221
1113 2875 1141 2911 re
1159 2875 1223 2911 vera
1240 2860 1295 2924 egit
1312 2858 1345 2909 da
1362 2854 1454 2909 Hono-

310 2947 384 2998 riana
401 2945 567 2998 collectione.
604 2943 697 3012 Ipsius
714 2961 779 2997 vero
797 2944 859 2997 libri
877 2960 947 2997 nova
964 2944 1047 2997 editio
1065 2945 1154 3036 solurp
1173 2951 1275 3013 patrem
1294 2959 1454 2997 commemo-

310 3039 362 3100 rat,
387 3048 436 3085 nec
454 3039 543 3084 tamen
562 3032 625 3084 huic
648 3032 700 3098 ipsi
725 3047 773 3098 pro
794 3037 866 3084 certo
890 3031 987 3098 poterit
1005 3032 1135 3098 adscribi,
1159 3047 1221 3084 cum
1239 3047 1293 3084 non
1312 3033 1386 3095 eius,
1407 3030 1455 3082 sed

310 3120 443 3174 candidati
461 3115 487 3171 la'
501 3122 526 3172 B.
543 3120 572 3170 da
587 3119 661 3170 hillen
676 3120 794 3184 nornine,
812 3118 889 3170 cuius
907 3118 936 3170 ia
955 3120 1100 3171 tentamine
1119 3117 1270 3186 Rieggerus
1288 3119 1396 3170 iunctus
1414 3122 1456 3167 est

311 3206 488 3275 praesidis
513 3207 617 3272 cilicio,
640 3205 802 3258 dedicatoria
818 3203 853 3256 ad
869 3201 1068 3272 Imperatricem
1087 3203 1202 3257 Mariam
1220 3203 1377 3256 Therasiam
1398 3203 1455 3268 epi-

311 3295 381 3348 stola
398 3295 433 3346 sit
452 3294 612 3360 subscripta.

268 3382 293 3449 ⁹)
310 3379 440 3434 Bernardi
463 3378 559 3445 Praep.
582 3376 725 3446 Papiensis
748 3379 910 3431 breviarium
934 3379 1162 3445 extravagantium
1184 3393 1245 3431 cura
1269 3375 1393 3442 Gregorii
1406 3373 1457 3427 lX.

311 3467 484 3521 decretalium
494 3465 651 3519 collectione
661 3465 695 3518 ad
706 3465 872 3517 harmoniam
886 3471 1037 3519 revocatum
1051 3471 1100 3518 etc.
1113 3465 1144 3516 Ρ.
1153 3463 1183 3533 1.,
1195 3463 1320 3530 Friburgi
1333 3461 1408 3528 1779,
1420 3464 1458 3517 4⁰.

260 3555 293 3620 Ι1)
311 3554 354 3608 Ad
372 3553 458 3606 lineas
477 3552 633 3619 litterasque
651 3553 720 3619 lere,
744 3567 778 3604 ne
797 3557 913 3604 recurrat
936 3551 982 3604 ille
1008 3567 1093 3619 error,
1119 3551 1181 3604 libri
1205 3549 1313 3602 titulum
1337 3550 1459 3616 prolerre

310 3642 411 3708 placet;
430 3646 472 3692 est
486 3656 549 3691 vero
563 3639 621 3691 bic:
643 3636 774 3701 »Quintae
799 3637 804 3704 Ι
828 3639 1026 3706 compilationis
1051 3639 1056 3706 Ι
1081 3638 1254 3692 decretalium
1279 3633 1284 3706 Ι
1308 3636 1370 3688 libri
1388 3637 1460 3702 prio·

313 3746 356 3781 rea
374 3728 442 3794 duo,
468 3724 472 3794 Ι
497 3742 566 3792 quos
584 3727 701 3792 primum
722 3726 751 3778 in
775 3725 862 3778 lucem
882 3725 955 3778 dedit
979 3722 984 3795 Ι
1097 3724 1189 3778 lnnoc.
1209 3722 1335 3776 Gitonius
1360 3719 1365 3790 Ι

311 3829 383 3868 nunc
400 3816 497 3866 iterum
522 3808 527 3883 Ι
551 3811 716 3865 variantibus
743 3813 905 3866 lectionibus
930 3830 945 3865 e
970 3810 1038 3865 (lod.
1056 3810 1111 3864 Ms.
1134 3811 1202 3866 bibl.
1220 3807 1374 3877 Augulstae
1393 3808 1462 3861 Vin-

313 3902 376 3954 dob.
394 3895 542 3969 011011Ιάοω
568 3897 573 3969 Ι
685 3895 690 3968 Ι
713 3899 834 3965 praeside
859 3895 865 3968 Ι
891 3897 988 3952 Paullo
1006 3897 1123 3966 losepbo
1142 3897 1259 3964 Riegger
1278 3895 1300 3948 1.
1321 3894 1352 3948 Ο.
1378 3891 1460 3964 Ι....

312 3995 447 4041 tentamen
472 4005 504 4040 ex
531 3988 590 4039 iure
704 3987 807 4038 subiret
829 3981 835 4055 Ι
858 3984 961 4038 Illustr.
989 3984 1069 4038 Dom.
1095 3981 1100 4055 Ι
1127 3983 1280 4038 Alexander
1303 3981 1337 4035 1..
1363 3981 1396 4034 B.
1426 3981 1462 4035 de

311 4074 402 4127 Lilien
427 4072 433 4139 Ι
458 4073 500 4126 die
521 4072 560 4123 Μ.
577 4069 674 4126 Octob.
689 4070 886 4128 mosenum.
911 4072 916 4140 Ι
945 4071 1121 4126 Vindobonae
1146 4069 1151 4138 Ι
1175 4071 1248 4140 typis
1266 4069 1340 4122 Ioan.
1359 4067 1463 4121 Thom.

314 4161 438 4213 'Prattner
456 4167 522 4226 etc,
539 4160 576 4213 4⁰.

262 4250 295 4314 ¹¹)
314 4247 354 4300 Cf.
373 4251 397 4300 u.
409 4249 514 4300 flmnebl
530 4246 644 4313 catalogi
661 4246 790 4299 librorum
809 4247 1067 4314 manuscriptorum,
1085 4245 1132 4310 qui
1153 4245 1182 4295 in
1198 4243 1324 4296 biblioth.
1345 4239 1466 4308 Galliae,

311 4334 451 4387 Helvetiae
470 4339 519 4386 etc.
539 4338 730 4398 asservantur,
743 4331 820 4400 Lipa.
836 4331 917 4400 18³0,
935 4349 962 4400 p·
975 4330 1026 4387 919
1040 4345 1081 4398 sq.
1101 4335 1127 4382 et
1143 4331 1181 4383 m.
1194 4332 1280 4383 otuu
1296 4327 1467 4383 bibliotheca

314 4423 405 4476 libror.
423 4435 559 4472 manuscr.
578 4417 685 4484 Italica,
708 4418 851 4486 Gottingae
872 4418 954 4486 1834,
978 4436 1005 4486 p·
1018 4415 1122 4483 caesq.
1164 4413 1217 4470 Illo
1236 4419 1265 4470 in
1282 4416 1351 4470 libro
1370 4430 1467 4468 recen-

315 4515 408 4562 sentur
420 4505 529 4574 quidem
544 4521 604 4572 pag.
618 4504 735 4560 94511110
750 4504 836 4558 Oodd.
855 4507 967 4560 membr.
988 4505 1039 4557 sub
1057 4506 1114 4556 tit:
1136 4503 1307 4556 »Decretales
1326 4504 1464 4568 antiquis

316 4595 364 4650 sed
388 4609 448 4648 cum
473 4594 527 4646 sint
551 4590 612 4646 Sec.
631 4591 709 4661 XV.,
732 4592 859 4661 equidem
884 4591 1078 4658 dubitaverim,
1101 4605 1136 4644 an
1159 4591 1313 4644 contineant
1337 4589 1468 4656 antiquas
