3066 5180
266 223 324 288 188
537 225 733 283 BERNARDI
765 227 901 285 SUMMA
933 225 1223 282 uacunnanmnt.

264 402 510 488 sanguinitatem
530 401 581 468 vel
602 401 802 480 affinitatem,
824 400 892 467 sive
913 399 1003 467 alteri
1016 401 1051 483 ¹⁸)
1079 407 1216 478 tantum,
1244 407 1281 466 ut
1306 398 1413 479 ubi¹⁸)
1440 421 1490 485 pro

264 523 339 577 voto
352 516 389 593 ⁸⁴)
411 511 555 578 sollemni
575 511 626 578 vel
649 511 821 598 frigiditate
828 535 838 589 ;
867 509 1056 598 particulare
1081 509 1250 576 divortium
1278 518 1340 589 est,
1371 507 1431 574 ubi
1450 518 1491 573 ta-

264 620 384 703 liter¹‘)
406 621 442 686 fit
462 622 635 708 separatio,
664 632 700 686 ut
724 621 827 687 neutri
856 620 950 686 liaeat
970 619 1105 700 aliud¹⁸)
1127 618 1312 686 contrahere
1331 619 1492 684 matrimo

264 731 367 810 nium,
397 731 495 798 veluti
522 754 580 818 pro
611 731 763 796 adulterio
775 733 828 812 41),
857 739 893 796 ut
922 727 1117 797 CXXXII.
1139 731 1223 813 qu'i
1250 749 1278 794 o.
1295 733 1322 796 1.
1337 729 1371 796 2.
1387 731 1409 797 3
1425 737 1456 793 et
1467 731 1492 794 l.

264 850 282 917 ς
305 844 334 910 3.
377 841 559 908 Divertium
586 842 653 908 fieri
681 865 745 906 non
773 850 878 928 potest
901 837 1020 925 absque
1033 841 1069 921 Ι“)
1090 838 1302 905 ecclesiastiea
1322 838 1448 904 iudicio
1467 849 1493 902 et

263 952 331 1017 sina
344 954 379 1032 Ι’)
406 973 522 1018 causae
550 952 747 1038 cognitione,
776 960 812 1016 ut
834 949 872 1018 C.
885 947 1046 1014 XXXIIL
1073 971 1126 1034 qu.
1141 951 1162 1017 2
1175 950 1212 1030 ιο)
1234 953 1396 1014 Seealarer
1411 953 1452 1030 (e.
1467 953 1492 1028 1)

263 1069 295 1126 et
317 1060 509 1127 CXXXV.
532 1065 620 1146 qu.6
646 1065 816 1126 Multorum
844 1063 883 1144 (o.
901 1061 968 1141 10),
994 1059 1090 1124 etiam
1117 1059 1145 1124 si
1173 1079 1270 1124 eausa
1299 1059 1434 1126 divortii
1460 1059 1495 1124 sit

263 1169 409 1236 omnibus
437 1171 622 1249 manifesta,
660 1179 696 1236 ut
722 1170 807 1238 infra
834 1169 904 1236 eod
933 1176 1035 1234 Porro
1066 1171 1152 1251 (e.3;
1168 1203 1186 1220 -
1203 1167 1259 1236 Gr.
1275 1189 1301 1234 e.
1309 1169 1340 1237 3.
1355 1167 1412 1234 IV
1412 1172 1494 1248 .19);

263 1280 349 1346 solus
370 1279 467 1366 igitur
480 1282 516 1360 ⁸¹)
539 1281 770 1346 ecclesiasticus
797 1280 895 1346 iudex
922 1279 1091 1344 divortium
1112 1277 1218 1344 faeere
1238 1287 1360 1366 potest,
1393 1279 1452 1345 sed
1463 1282 1494 1357 ⁸¹)

263 1398 368 1454 tamen
390 1390 469 1455 alter
489 1391 661 1477 coniugum
681 1399 786 1477 potest
807 1390 977 1456 divortium
990 1389 1161 1476 postulare.
1183 1425 1224 1438 -
1266 1391 1329 1465 sl.
1371 1387 1495 1455 Causae

263 1508 378 1577 autem,
401 1498 515 1584 quibus
537 1499 712 1566 habetiieri
733 1501 903 1567 divortium
924 1499 1030 1579 totale,
1053 1509 1126 1565 sunt
1145 1498 1200 1565 illa
1222 1498 1421 1565 matrimonii
1441 1499 1493 1563 im-

261 1609 456 1694 pedimenta,
493 1632 575 1694 quae
602 1633 699 1697 supra
723 1610 757 1675 in
783 1611 828 1675 tit
857 1611 897 1675 de
926 1609 1124 1696 sponsalibus
1152 1618 1226 1675 sunt
1251 1608 1493 1685 enumerata¹⁸t

262 1717 389 1785 Causae
397 1741 485 1806 ,vero
495 1721 531 1800 Η)
553 1719 679 1785 divortii
703 1719 916 1807 particularis,
944 1719 1023 1786 aliae
1043 1719 1084 1786 ad
1106 1730 1247 1806 tempus,
1277 1719 1360 1786 aliae
1383 1739 1491 1806 perpe-

261 1837 316 1894 tuo
328 1819 365 1908 ³¹)
388 1829 619 1915 separationem
640 1829 810 1908 indueunt;
834 1829 875 1898 ad
895 1839 1029 1916 tempus,
1052 1838 1087 1895 ut
1107 1828 1259 1895 ecelesiae
1279 1827 1489 1903 interdictum,

260 1948 406 2025 utsupra
420 1939 459 2004 de
474 1948 564 2004 matr.
580 1949 691 2005 eontra
703 1939 815 2005 interd.
831 1940 906 2005 ecel.
922 1945 1054 2004 Litterae
1070 1941 1153 2021 (e.2;
1168 1975 1188 1989 -
1204 1937 1260 2006 Gr.
1276 1959 1302 2002 o.
1312 1941 1339 2004 1.
1353 1935 1418 2002 IV.
1430 1939 1488 2016 16);

258 2058 421 2134 perpetuo,
444 2058 480 2113 ut
503 2049 694 2114 adulterium
706 2051 754 2132 Ι4),
776 2059 812 2114 ιι1
834 2047 1024 2116 CXXXII.
1040 2071 1092 2135 qu.
1108 2051 1128 2115 'l
1150 2069 1177 2114 e.
1195 2052 1221 2115 1.
1237 2049 1297 2116 23
1312 2056 1344 2112 et
1359 2049 1399 2126 4,
1422 2047 1488 2112 item

259 2157 406 2236 haeresis,
415 2167 457 2222 *ut
471 2157 555 2223 infra
569 2159 637 2223 eod.
648 2165 695 2224 De
708 2165 765 2225 tlla
780 2160 865 2239 (o.5;
878 2195 897 2210 -
914 2158 970 2225 Gr.
982 2179 1009 2224 e.
1018 2160 1047 2226 6.
1062 2157 1118 2225 lv.
1133 2161 1187 2242 19)
1195 2181 1204 2236 ;
1227 2158 1303 2222 item
1317 2157 1344 2222 si
1360 2157 1487 2222 maritus

262 2267 303 2332 ad
322 2267 532 2334 idololatriam
553 2269 603 2334 vel
624 2269 823 2334 latrocinium
845 2290 977 2335 uxorem
998 2267 1183 2354 compellat,
1212 2289 1293 2333 uxor
1319 2265 1361 2332 ab
1386 2289 1426 2332 eo
1446 2266 1486 2330 di-

258 2377 395 2442 vortium
417 2399 567 2462 quaerere
588 2382 756 2466 potest⁸'),
785 2379 928 2444 similiter
956 2387 988 2444 et
1008 2385 1138 2444 econtra
1148 2378 1196 2459 ⁸⁸),
1217 2385 1253 2442 ut
1276 2376 1315 2444 O.
1329 2374 1486 2442 XXVHI.

259 2491 344 2571 qul
374 2493 457 2554 Uxor
485 2492 524 2568 (o.
538 2490 588 2568 4),
619 2495 805 2554 idololatria
832 2493 872 2570 (e.
888 2490 923 2570 5)
953 2497 984 2554 et
1011 2487 1096 2554 infra
1124 2487 1192 2554 eod.
1217 2493 1372 2573 Quaesivit
1404 2493 1442 2571 (a.
1455 2489 1484 2562 23

260 2595 315 2663 Gr.
331 2600 390 2665 a2
404 2598 502 2681 ibid),
525 2599 610 2684 quod
625 2609 731 2665 tamen
745 2598 915 2664 divortium
934 2607 1063 2664 eatenus
1079 2597 1174 2664 eredo
1190 2597 1396 2678 servandum,
1419 2619 1486 2683 qua·

257 2716 348 2773 tenus
369 2708 422 2774 ille
442 2709 476 2774 in
497 2709 615 2775 soelere
628 2713 664 2790 ⁸¹)
686 2717 876 2796 perseverat,
899 2731 943 2773 ar.
957 2708 1012 2773 Di.
1027 2708 1067 2773 L.
1081 2712 1213 2772 Ferrum
1234 2715 1270 2773 de
1287 2721 1373 2774 terra
1386 2713 1430 2790 (e.
1440 2709 1481 2783 18)

257 2825 289 2881 et
310 2817 348 2884 0.
363 2815 474 2902 mr)
490 2841 542 2904 qu.
557 2822 578 2886 4
592 2825 706 2884 Beatus
721 2825 762 2900 (o.
778 2821 820 2897 2).
865 2817 962 2901 Quod
977 2828 1083 2884 autem
1097 2817 1245 2897 diximus,
1260 2818 1413 2884 maritum
1432 2837 1480 2904 pro

257 2927 460 3007 adulterio⁴¹l
481 2951 575 3015 posse
596 2929 750 2995 divertere
772 2927 812 2994 ab
840 2950 956 3006 uxore,
982 2928 1142 3015 reeipit⁴¹)
1171 2927 1325 3013 quasdam
1347 2927 1479 3015 exeepti-

256 3059 342 3103 ones.
386 3037 469 3104 Sunt
493 3039 576 3104 enim
600 3061 703 3118 casus,
729 3039 762 3102 in
790 3037 905 3123 quibus
933 3039 1026 3118 vir⁴')
1055 3059 1187 3104 uxorem
1215 3038 1256 3103 de
1283 3036 1478 3114 adulterio⁴⁴l

257 3168 406 3213 aeeusare
428 3149 539 3229 non”)
561 3158 683 3235 potest3
705 3149 807 3234 primo
818 3149 866 3230 44),
889 3170 962 3213 eum
982 3149 1099 3234 ipse⁴')
1125 3171 1196 3214 eam
1220 3147 1392 3235 prostituit,
1416 3168 1477 3213 oum

255 3256 318 3322 sint
338 3257 372 3322 in
392 3258 509 3344 pari⁴⁸)
531 3257 654 3336 delicto,
677 3281 721 3323 ar.
735 3258 813 3345 Dig.
834 3258 960 3343 nequis
982 3281 1055 3324 eum
1071 3257 1126 3344 qui
1145 3258 1180 3323 in
1199 3257 1249 3324 ius
1269 3257 1310 3322 L.
1326 3261 1347 3326 2
1362 3268 1396 3324 et
1409 3257 1475 3342 Dig.

254 3365 358 3432 soluto
378 3367 513 3432 matrim.
538 3373 612 3433 Viro
634 3368 686 3451 (L.
700 3371 754 3450 39)
766 3369 814 3450 ⁴⁸),
835 3377 867 3434 et
886 3367 947 3434 hoe
968 3377 1045 3454 puto
1066 3369 1099 3434 in
1122 3367 1239 3435 iudioio
1260 3367 1476 3442 aeclesiastico,

252 3763 527 3898 miliniam?
556 3763 620 3896 Pii)
638 3763 890 3888 iiiii'pii'aii.
902 3764 1002 3899 M⁰3o²
1012 3764 1119 3888 diiii
1136 3761 1351 3898 nodbomiiii
1363 3761 1475 3899 praep}

253 3901 403 3953 maumam.
465 3904 500 3966 ²⁸)
518 3902 570 3956 Pa.
587 3905 646 3956 riae.
705 3905 739 3966 ²⁹)
759 3904 804 3957 Sie
823 3903 884 3956 Μο.
901 3905 928 3969 1;
949 3905 1004 3956 Ha.
1024 3910 1050 3958 et
1068 3903 1135 3970 Pa,
1154 3902 1413 3971 blaterantque
1433 3903 1473 3953 Vi.

253 3987 319 4032 eam
337 3969 386 4024 Li.
406 3979 529 4025 neutrum
549 3975 665 4027 exhibet.
718 3975 753 4038 ³⁰)
772 3973 848 4036 Quae
875 3981 1025 4040 sequuntur
1048 3973 1187 4040 usquead
1207 3990 1228 4026 e.
1241 3972 1319 4022 Porro
1337 3973 1438 4026 desunt
1453 3974 1474 4022 in

252 4040 308 4092 Ha.
360 4039 533 4108 ³¹)Li.eryo.
586 4043 960 4104 ⁸²)Li.etlllo.2eitaraea.
1012 4042 1047 4107 ⁸⁸)
1068 4041 1124 4096 Ha.
1143 4051 1275 4093 numerata
1328 4041 1363 4106 ⁸⁴)
1376 4039 1474 4093 Omittit

252 4109 315 4163 Mo.
327 4109 352 4165 2.
411 4110 446 4175 35)
463 4111 570 4165 Desunt
588 4114 616 4164 in
636 4113 696 4165 Μο.
713 4115 723 4167 1
744 4113 809 4163 aliae
825 4121 957 4179 perpetrm
980 4115 1008 4166 in
1025 4111 1074 4164 Li.
1093 4117 1119 4164 et
1137 4127 1205 4176 quae
1224 4119 1375 4178 sequnntur
1394 4127 1473 4175 nsque

251 4178 284 4232 ad
301 4189 328 4231 at
344 4179 457 4230 eacleeim
473 4180 629 4232 interdictam
682 4179 717 4246 ⁸⁸)
735 4181 812 4245 Quae
830 4183 1000 4248 praecedunt,
1018 4183 1101 4234 bisin
1115 4179 1162 4234 bi.
1182 4188 1333 4234 occurrunt.
1383 4179 1419 4243 44)
1432 4178 1473 4229 vt.

246 4249 372 4314 portatore
385 4259 466 4316 pateat
481 4250 520 4300 ael
535 4250 609 4302 debet.
674 4251 708 4316 ³⁸)
728 4250 819 4307 Mae
838 4259 864 4304 et
882 4250 930 4303 Vi.
949 4266 1088 4319 perperam
1106 4250 1146 4300 vel
1161 4249 1268 4302 eoeleeia.
1332 4249 1366 4314 ³⁹)
1384 4245 1472 4301 Mat

251 4319 276 4368 ia
297 4319 385 4372 remla.
458 4318 492 4382 ⁴⁰)
517 4317 564 4370 Li.
583 4322 786 4384 perversissime
811 4322 864 4373 sie:
886 4321 983 4387 serrum
1007 4329 1080 4370 totale
1102 4320 1170 4385 alipta
1193 4337 1233 4386 qa.
1245 4317 1316 4370 IIII.
1387 4319 1422 4382 ⁴¹)
1445 4317 1471 4368 ln

251 4389 345 4441 eodem
365 4405 415 4441 nec
436 4405 490 4440 non
510 4391 535 4440 in
556 4387 647 4444 Mo2
664 4391 733 4441 inter
751 4389 869 4440 adorea
887 4397 913 4443 et
926 4407 999 4455 paese
1018 4392 1131 4443 oeearrit
1150 4405 1198 4441 ran.
1250 4390 1285 4453 ⁴²)
1303 4387 1357 4440 Pa.
1376 4387 1472 4453 rescipit

251 4457 286 4519 ⁴⁸)
304 4457 336 4510 In
354 4456 407 4510 Pa.
425 4457 509 4509 deest.
582 4456 617 4523 ⁴⁴)
635 4457 728 4514 Mae
747 4461 853 4512 omittit.
921 4459 956 4524 ⁴⁵)
975 4457 1007 4512 In
1026 4457 1087 4512 Mo.
1100 4458 1118 4514 2
1133 4476 1181 4508 aaa
1198 4465 1293 4525 expost
1311 4474 1393 4526 supra
1409 4457 1473 4509 linea

250 4527 370 4580 additum
392 4533 442 4579 est.
508 4524 542 4590 44)
560 4525 636 4580 Idem
650 4528 730 4594 primo
754 4545 819 4581 aare.
881 4528 918 4592 44)
935 4527 985 4580 Li.
1003 4527 1065 4594 epea.
1137 4527 1172 4592 ⁴⁸)
1196 4527 1282 4582 Deest
1300 4527 1362 4593 pari
1377 4530 1405 4579 in
1424 4527 1470 4578 Pa

250 4594 286 4665 44)
304 4593 390 4654 Istum
408 4595 498 4651 locum
519 4611 573 4652 non
591 4597 699 4654 exhibet
717 4597 780 4650 Μο.
792 4597 818 4654 2.
877 4597 911 4662 ³⁰)
929 4595 962 4650 In
975 4595 1035 4650 Mo.
1051 4597 1064 4653 1
1083 4613 1098 4650 a
1116 4603 1262 4652 correctore
1281 4599 1314 4650 ad
1332 4598 1470 4664 marginem
