3062 5174
507 239 556 296 nn
587 237 847 298 ιιιιιιιιιοιιιο.
1238 235 1297 302 289
1368 233 1371 242 “

7 423 16 458 i
60 433 188 476 canones
217 421 303 474 etiam
332 418 530 476 sacerdotibus
558 434 664 474 uxores
691 420 877 489 permittunt,
906 427 938 476 ut
965 421 1011 476 Di.
1026 420 1162 476 XXVIII.
1185 421 1217 476 st
1237 424 1297 494 qais

7 521 15 555 l
59 517 185 570 docuerit
206 513 245 587 (c.
260 511 327 587 14),
350 516 382 570 Si
402 518 462 587 qais
482 518 611 572 discernit
632 515 672 586 (c.
688 512 757 588 15),
780 517 899 588 quidam
914 516 1111 573 sacerdotibus
1125 519 1195 572 solis
1210 519 1297 574 inter-

7 628 14 653 ε’
59 611 181 680 dicunt,
209 619 242 668 ut
263 614 309 666 Di.
322 612 454 668 XXVIII.
476 614 621 684 Presbyter
646 609 686 685 (c.
702 609 771 686 11),
801 613 921 684 quidam
948 615 1018 670 solis
1044 614 1241 670 sacerdotibus
1269 622 1298 669 et

7 719 12 753 ἰ
58 707 252 776 diaconibus,
281 717 313 764 ut
341 711 387 764 Di.
402 710 537 765 XXVIII.
561 711 674 773 Ωιιαηᾱο
702 709 740 782 (c.
756 706 808 782 3),
837 709 957 780 quidam
985 711 1070 766 etiam
1098 710 1296 766 sacerdotibus

7 817 15 852 l
57 813 89 858 et
111 805 283 860 diaconibus
305 813 335 861 et
353 806 596 876 subdiaconibus,
618 815 650 862 ut
670 808 717 862 Di.
731 807 851 866 XXVII.
873 808 1042 878 Presbyteria
1062 807 1102 878 (c.
1117 802 1161 880 8).

144 901 228 970 Quod
241 903 267 958 si
280 903 423 972 sacerdos,
439 903 588 974 diaconus,
609 904 805 961 subdiaconus
818 920 937 962 uxorem
952 906 1105 976 acceperit,
1126 912 1185 962 tam
1199 905 1296 960 officio

59 1012 150 1067 quam
178 999 320 1056 beneflcio
349 1007 392 1055 est
418 1001 578 1071 privandus
605 1009 633 1056 et
657 1002 693 1057 ab
722 1018 756 1056 ea
772 998 796 1076 7)
824 1000 1017 1074 separandus,
1045 1009 1077 1056 ut
1098 1001 1144 1058 Di.
1160 1000 1297 1056 XXVIII.

7 1112 14 1146 a
58 1095 238 1150 Deceroimoa
266 1093 305 1167 (c.
320 1091 363 1170 2).
407 1097 481 1154 Hinc
509 1100 596 1154 etiam
623 1106 759 1170 apparet,
787 1097 965 1155 sacerdotem
992 1100 1041 1154 vel
1069 1099 1222 1154 diaconum
1250 1099 1298 1152 vel

7 1211 13 1244 s
60 1190 274 1248 subdiaconum
296 1193 458 1264 depositum
480 1211 534 1250 neo
554 1211 673 1252 uxorem
696 1196 813 1264 ducere,
836 1213 901 1252 cum
917 1197 1011 1254 adhuc
1031 1197 1162 1252 ordinem
1182 1195 1297 1262 habeat,

58 1304 114 1346 neo
143 1291 310 1346 seculariter
336 1293 434 1347 vivere
460 1308 560 1362 posse,
590 1300 622 1348 ut
642 1294 689 1348 Di.
705 1293 839 1348 LXXXI.
860 1295 970 1348 Dictum
997 1290 1036 1364 (c.
1052 1287 1095 1368 8).
1144 1292 1298 1360 Quaeritur

7 1437 11 1442 ,,
60 1393 158 1440 autem
185 1385 221 1442 de
248 1388 362 1443 clericis
390 1391 422 1442 in
449 1390 611 1446 minoribus
639 1389 791 1446 ordinibus
819 1392 1000 1460 constitutis,
1029 1392 1054 1446 si
1080 1389 1296 1444 matrinroninm

60 1484 277 1553 contraxerint,
306 1500 343 1539 an
371 1495 513 1542 morantes
540 1503 604 1542 cum
625 1487 766 1542 uxoribus
788 1487 936 1558 stipendia
957 1487 1153 1544 ecclesiastica
1173 1484 1298 1540 debeant

60 1579 203 1636 obtinere.
243 1582 281 1636 Et
309 1582 427 1653 quidem
453 1585 485 1638 in
513 1583 560 1638 Di.
580 1583 701 1638 XXXII.
725 1599 749 1640 c.
771 1583 804 1638 Si
823 1585 870 1654 qui
889 1599 952 1638 vero
978 1580 1018 1654 (c.
1034 1577 1067 1656 3)
1096 1581 1212 1638 videtur
1239 1589 1295 1636 sta·

7 1723 8 1732 ,
59 1684 143 1730 tuere
159 1675 328 1748 Gregorius,
349 1688 382 1734 ut
402 1679 549 1750 stipendia
569 1697 621 1734 sua
641 1681 767 1736 exterius
789 1680 853 1738 soil.
875 1680 1053 1751 inpropriis
1075 1679 1208 1735 domibus
1230 1693 1296 1733 con·

58 1780 236 1843 sequentum
271 1777 445 1832 contradicit
474 1784 569 1833 autem
595 1778 665 1833 huic
692 1778 848 1834 sententiae
872 1775 1131 1844 Alexamenus,
1166 1775 1296 1832 scribens

7 1897 8 1930 2
59 1869 232 1940 Vigoriensi
260 1873 396 1942 episcopo
424 1874 456 1927 in
485 1873 611 1944 quodam
642 1875 857 1946 extravaganti,
890 1872 969 1945 quod
999 1874 1042 1930 sio
1071 1873 1192 1944 inprit:
1223 1872 1297 1926 Inter

59 1975 154 2021 cetero
183 1969 358 2022 sollicitudini
379 1965 421 2045 ⁸),
453 1970 507 2024 ubi
537 1972 623 2026 etiam
652 1971 740 2043 dicit,
772 1971 969 2026 ecclesiastica
995 1971 1135 2026 beneflcio
1163 1969 1201 2024 ad
1229 1969 1297 2024 illos

7 2093 8 2114 ι
58 2070 174 2118 tantum
195 2072 340 2138 spectare,
369 2067 421 2138 qni
441 2067 556 2122 assiduo
577 2068 608 2122 in
630 2067 748 2126 servitio
769 2069 824 2126 Dei
844 2070 1010 2139 persistunt.
1053 2068 1109 2122 Sed
1129 2067 1206 2122 illud
1228 2065 1297 2120 Gre-

7 2187 8 2222 ;
57 2161 139 2231 gorii
167 2160 202 2215 de
229 2163 427 2219 ecclesiastica
454 2163 689 2234 mansuetudine,
717 2164 798 2220 istud
818 2165 979 2221 Alexandri
1008 2164 1044 2220 de
1071 2163 1163 2236 rigore
1187 2163 1296 2218 dictum

7 2285 8 2320 ι
57 2263 120 2324 est3
150 2258 198 2312 vel
217 2258 294 2314 illud
315 2258 445 2332 Gregorii
470 2262 629 2318 secundum
650 2261 888 2318 consuetudIuem
909 2261 1090 2333 quarundam
1111 2260 1297 2316 ecclesiarum

55 2354 208 2424 loquitur,
231 2355 263 2410 in
284 2355 391 2426 quibus
413 2358 543 2428 acolythi
563 2367 592 2414 et
612 2359 689 2414 inira
709 2361 740 2414 in
761 2360 896 2432 coniugio
917 2359 1007 2430 positi
1027 2358 1218 2414 nihilominus
1240 2372 1298 2412 ser·

58 2453 124 2506 vire
146 2460 369 2521 consueverunt,
391 2461 419 2508 et
439 2454 506 2510 ideo
527 2455 636 2512 iustum
657 2462 715 2524 est,
738 2462 769 2510 ut
784 2455 911 2512 habeant
924 2455 1114 2522 beneficium,
1135 2452 1213 2508 illud
1228 2467 1296 2508 vero

56 2548 225 2604 Alexandri
245 2549 290 2604 ibi
309 2551 408 2606 locum
428 2552 533 2623 habet,
555 2553 598 2608 uti
619 2553 686 2606 talis
709 2552 886 2608 consuetudo
907 2567 964 2608 non
986 2551 1106 2606 obtinet.
1143 2550 1297 2618 Quaeritur

58 2645 151 2700 etiam
172 2645 208 2702 da
229 2646 354 2716 eisdem,
383 2663 420 2702 an
446 2657 512 2718 post
539 2655 660 2704 mortem
679 2665 802 2704 uxorum
824 2649 976 2706 ecclesiam
997 2654 1123 2718 repetere
1146 2640 1296 2721 [possim],

58 2744 88 2796 si
110 2758 173 2797 eam
195 2742 234 2797 ad
253 2751 367 2814 tempus
388 2745 566 2816 reliquerant
585 2753 703 2816 propter
723 2761 856 2814 uxorem3
878 2753 907 2802 et
928 2745 1047 2817 quidem
1064 2759 1149 2816 posse
1171 2748 1297 2814 repetere

60 2855 101 2894 ex
122 2840 169 2894 Di.
183 2839 319 2896 XXVIII.
340 2843 384 2896 De
404 2843 446 2896 bis
467 2839 506 2914 (c.
522 2838 556 2916 5)
576 2850 604 2897 et
624 2842 671 2897 Di.
686 2841 809 2898 XXXII.
824 2842 858 2896 Si
875 2844 922 2914 qui
939 2859 1001 2896 nero
1022 2837 1061 2912 (o.
1076 2835 1110 2915 3)
1132 2841 1297 2912 coIIIgitur3

61 2943 165 2992 contra
181 2931 205 3008 ⁸)
228 2937 274 2991 Di.
289 2939 364 2994 XCI.
388 2939 508 2994 Clericus
535 2941 632 2994 victum
660 2936 699 3011 (c.
715 2933 748 3012 3)
776 2947 805 2996 ei
825 2939 872 2994 Di.
887 2939 978 2996 Xon.
1008 2955 1031 2996 o.
1058 2939 1110 2994 ult.
1137 2945 1165 2994 et
1186 2935 1295 2992 c.vl1.

59 3029 345 3104 quimercedem
366 3033 404 3107 (a.
420 3031 463 3108 3).
505 3037 538 3092 In
559 3037 615 3092 hac
636 3037 803 3108 quaestione
826 3037 930 3093 vellem
951 3035 1093 3092 maiorum
1114 3032 1215 3090 andire
1235 3048 1298 3088 sen·

60 3129 200 3197 tentiam,
231 3131 354 3188 narrabo
383 3139 478 3188 tamen
505 3131 578 3204 quid
604 3135 743 3202 sentiam3
775 3141 808 3188 ut
835 3135 911 3191 enIm
940 3132 981 3188 ait
1005 3132 1192 3204 Fulgentius,
1224 3130 1299 3184 sicut

59 3227 167 3282 livoris
188 3236 256 3282 nota
276 3237 319 3283 est
339 3231 425 3286 silere
446 3229 526 3300 qnod
546 3245 702 3298 noveram,
731 3232 772 3286 ita
798 3245 856 3284 non
885 3230 993 3286 crimen
1020 3237 1063 3284 est
1083 3243 1199 3284 narrare
1220 3225 1299 3298 quod

59 3338 218 3378 senseram.
259 3325 333 3380 Puto
353 3326 452 3397 itaque
472 3329 552 3397 ipsos
573 3343 631 3382 non
652 3327 758 3382 habere
778 3325 824 3382 ius
845 3327 997 3382 ecclesiam
1017 3323 1204 3396 reposcendi3
1231 3324 1301 3378 licet

59 3421 143 3475 enim
163 3421 222 3475 iuri
242 3437 293 3477 suo
315 3437 449 3492 expresse
470 3439 527 3478 non
550 3423 834 3491 abrenuntiaverInt,
859 3423 944 3480 tacite
966 3429 1060 3478 tamen
1082 3419 1300 3478 abrenuntiasse

60 3515 219 3589 videntur,
248 3533 312 3574 cnm
340 3520 383 3574 ita
408 3536 438 3576 se
465 3520 607 3576 uxoribus
635 3520 854 3593 obligaverunt,
882 3528 914 3576 nt
934 3520 1089 3586 ecclesiae,
1118 3519 1193 3574 sicut
1212 3531 1300 3587 expe-

60 3614 181 3682 diebat,
209 3617 317 3670 servire
344 3633 402 3672 non
429 3624 562 3686 possent,
591 3624 619 3672 et
645 3616 682 3672 ab
710 3617 914 3674 ecclesiasticis
941 3615 1089 3686 obsequIis
1113 3621 1300 3682 recesserunt,

60 3712 126 3766 nisi
148 3711 219 3768 forte
241 3720 315 3766 esset
335 3713 473 3768 ecclesiae
495 3713 672 3768 consuetudo
701 3730 787 3784 quam
815 3713 959 3780 diximus,
987 3723 1019 3767 ut
1039 3713 1103 3767 scil.
1128 3725 1230 3766 uxores
1250 3711 1301 3766 ha-

59 3810 167 3864 bentes
194 3809 385 3864 nihilominus
413 3809 591 3864 deservirent
619 3811 776 3878 ecclesiae,
803 3811 836 3863 in
859 3825 916 3880 quo
938 3825 1007 3866 caru
1027 3809 1232 3882 intelliguntur
1252 3807 1301 3862 dc·

61 3912 147 3960 creta
174 3920 210 3959 ex
237 3905 351 3960 diverso
379 3908 511 3976 superius
539 3907 672 3979 allegata.
722 3906 805 3974 Quod
833 3914 927 3962 autem
959 3905 1104 3974 diximus,
1135 3923 1183 3962 eos
1214 3904 1300 3960 tacite

61 4001 208 4058 ecclesiae
227 4001 461 4070 abrenuntiasse,
490 4004 618 4058 diximus
639 4004 773 4075 exemplo
794 4003 894 4072 illius,
920 4003 1022 4074 quise
1044 4002 1190 4056 adoliam
1211 4001 1302 4056 eccls-

61 4099 140 4154 siam
152 4113 198 4152 -ex
218 4105 276 4154 toto
297 4099 460 4167 transtulit,
490 4114 547 4170 quo
567 4101 660 4172 priori
681 4101 767 4156 tacite
789 4099 1008 4156 abrenuntiasse
1028 4099 1160 4167 videtur,
1186 4105 1214 4152 et
1233 4095 1300 4151 ideo

62 4193 146 4249 nihil
159 4208 308 4250 commune
322 4194 409 4252 habet
423 4211 488 4252 cnm
502 4199 604 4269 priori,
623 4207 657 4256 ut
671 4199 701 4256 C.
713 4197 792 4255 XXI.
809 4191 888 4270 qu.2
902 4197 935 4252 Si
948 4198 1009 4270 quia
1023 4196 1170 4252 bausiator
1185 4190 1224 4266 (c.
1235 4187 1279 4268 3).

63 4443 90 4507 7)
111 4441 179 4496 (301·
193 4460 229 4495 e⁰·
284 4445 307 4511 ⁸)
321 4444 360 4500 Oi.
374 4463 396 4501 c.
409 4447 435 4503 4.
451 4447 500 4502 III.
514 4449 539 4503 4.
553 4447 648 4516 comp.
659 4447 681 4517 Ι,
701 4449 770 4504 0011.
790 4447 866 4502 Cass.
884 4451 924 4501 tit.
935 4447 977 4502 63.
990 4445 1043 4512 c.5,
1061 4445 1131 4512 App.
1147 4443 1229 4497 Cone.
1241 4441 1301 4496 Lat.

64 4512 100 4566 P.
108 4511 186 4564 Vlll.
199 4529 222 4565 c.
232 4513 256 4568 6.
318 4515 342 4580 ⁹)
361 4517 406 4570 Sic
424 4518 569 4584 legendum
591 4535 653 4570 esse
672 4535 784 4584 censeo;
803 4522 830 4572 in
852 4517 918 4570 Ood.
935 4516 968 4568 Si
983 4532 1035 4566 eam
1049 4522 1092 4566 etc.
1112 4531 1164 4567 non
1186 4513 1219 4566 ad
1232 4522 1304 4564 ante-

65 4584 194 4636 cedentia
213 4584 367 4650 trahuntur,
385 4590 542 4655 omissoque
561 4595 585 4637 et
601 4604 648 4654 pro
663 4605 737 4653 posse
760 4589 859 4655 legitur
875 4595 992 4652 poseant,
1018 4599 1123 4638 necnon
1142 4584 1200 4636 loco
1219 4591 1304 4634 costra

118 4680 229 4722 Bernardi
242 4693 336 4724 summa.
1045 4684 1091 4758 19
