3062 5174
480 216 530 272 DE
560 215 824 272 MATRIMOMIO.
1212 213 1271 319 393

9 397 185 468 sponsatio
206 405 249 452 eat
262 397 422 452 futurarum
436 395 604 465 nuptiarum
617 394 809 464 promissio“;
830 395 946 466 nuptias
966 395 1097 466 appellat
1109 397 1269 454 maritalem
1290 371 1293 378 ¹

12 494 153 549 coitum.

108 589 191 644 Ecce
212 588 355 654 diximus,
385 594 516 658 oportere
545 593 698 658 utrumqne
720 603 781 642 esse
801 588 949 659 legitimae
969 588 1080 644 aetatis.
1123 589 1154 644 Si
1175 595 1270 644 autem

11 703 104 742 unns
129 686 219 742 suerit
238 685 393 757 legitimae,
416 685 487 740 alter
508 699 576 740 vero
599 684 671 738 citra
691 685 849 756 legitimam
871 692 1003 753 aetatem,
1026 693 1054 742 et
1075 687 1270 741 contraxerint

11 783 260 851 matrimonium,
282 797 338 837 non
355 783 408 836 erit
421 782 592 853 legitimum,
615 782 684 852 qnia
699 797 757 838 non
772 781 846 836 inter
857 781 1035 852 coaequales,
1057 788 1089 836 ut
1104 782 1134 837 C.
1144 781 1268 838 XXXII.

14 897 72 952 qn.
91 875 114 938 2
136 880 202 934 Noa
217 881 301 934 omnis
315 874 434 952 (1.12);
456 886 650 934 verumtamen
675 895 732 932 non
747 877 850 934 licebit
864 877 964 932 adulto
980 877 1144 934 recederem
1157 880 1267 949 puella,

14 977 77 1032 sed
100 977 222 1047 puellae
242 975 345 1033 licebit
365 973 507 1042 recedere,
530 990 593 1030 cum
616 975 654 1029 ad
674 975 834 1048 legitimam
849 982 969 1030 aetatem
985 977 1112 1044 venerit,
1134 977 1268 1047 exemplo

15 1077 130 1144 illius,
163 1089 235 1146 quae
257 1089 321 1128 cum
343 1079 416 1126 osset
437 1073 546 1126 aneilla
571 1073 702 1142 nupserit
729 1071 824 1128 libero
853 1071 1010 1139 nescienti,
1038 1073 1104 1144 ipsa
1130 1074 1265 1128 animab

18 1188 59 1226 eo
84 1170 224 1226 recedere
245 1186 304 1224 non
325 1176 429 1240 potest,
452 1169 504 1223 ille
525 1185 593 1224 vero
614 1176 724 1240 potest,
747 1177 775 1226 et
796 1170 928 1240 exemplo
949 1169 1075 1239 pupilli,
1103 1171 1154 1241 qni
1177 1171 1267 1224 alium

20 1268 87 1324 sibi
112 1267 235 1339 obligat,
257 1283 287 1322 se
307 1281 376 1321 vero
398 1280 455 1321 non
477 1265 539 1320 alii.

110 1359 161 1420 11.
191 1364 325 1433 Sequitur
338 1362 378 1417 dc
393 1363 583 1418 coactione.
614 1363 731 1418 coactio
746 1363 806 1417 alia
819 1362 957 1429 violenta,
974 1363 1033 1416 alia
1047 1378 1122 1430 non3
1138 1363 1267 1418 violenta

21 1467 58 1515 nt
81 1461 261 1531 corporalis,
290 1467 361 1529 puta
382 1475 433 1529 per
454 1459 589 1526 verbera,
619 1473 670 1528 per
698 1461 950 1534 captionem,„per
972 1460 1186 1526 attractionem,
1214 1473 1267 1529 per

21 1557 263 1629 evaginationem
293 1556 386 1630 gladii
414 1573 501 1627 super
529 1562 615 1626 capnt
636 1563 664 1610 et
684 1553 867 1622 huiusmodi;
890 1571 946 1610 non
967 1555 1106 1624 violenta,
1127 1563 1199 1627 puta
1214 1571 1266 1625 per

19 1655 123 1708 minas
145 1653 306 1709 verborum.
350 1655 426 1710 Haeo
447 1669 503 1710 non
532 1652 656 1722 impedit
683 1653 913 1722 matrimonium,
941 1651 992 1706 scd
1019 1651 1114 1722 prima
1141 1651 1265 1721 impedit

21 1751 260 1806 contrahendum
282 1759 310 1805 et
331 1757 508 1806 contractum
530 1749 654 1818 dividit,
676 1757 707 1804 ut
729 1749 759 1804 C.
775 1748 885 1804 XXXI.
910 1743 991 1820 qu.2
1011 1748 1148 1803 siveram
1168 1743 1264 1819 (1.1),

21 1847 70 1900 Da
84 1848 177 1916 neptia
198 1843 237 1917 (c.
252 1841 303 1921 3);
324 1847 376 1902 ubi
398 1848 474 1902 enim
496 1847 567 1902 haec
588 1847 698 1902 coactio
721 1847 886 1914 intervenit,
911 1861 1066 1901 consensus
1088 1844 1263 1912 excluditur,

22 1943 247 1999 matrimonium
269 1961 325 2000 non
353 1945 522 2000 intenditur.
565 1945 593 1998 Si
617 1959 674 2014 qna
694 1959 763 1998 vero
785 1950 883 1997 coacta
904 1951 946 1997 est
965 1943 1095 1998 violenta
1116 1941 1263 1997 coactione

23 2036 89 2115 [in]
112 2041 178 2112 ipsa
199 2040 437 2112 desponsatione,
467 2049 494 2096 et
515 2040 647 2095 traducta
668 2041 754 2112 longo
777 2047 903 2109 tempore
925 2041 1004 2094 stetit
1025 2055 1088 2094 eum
1110 2039 1188 2105 viro,
1209 2053 1263 2094 neo

23 2139 157 2204 recessit,
180 2153 244 2192 oum
262 2139 367 2208 potuit,
391 2137 569 2192 consensisse
584 2135 714 2204 videtur,
736 2142 768 2191 ut
783 2137 813 2190 C.
829 2137 851 2190 1.
874 2133 955 2207 qu.1
980 2137 1090 2192 Constat
1111 2130 1241 2206 (1.111).

110 2229 158 2292 12.
181 2234 353 2290 Publicae
367 2235 563 2290 honestatis
577 2233 722 2288 institia
737 2240 764 2288 et
778 2231 1005 2288 contrahendum
1018 2231 1142 2303 impedit
1156 2238 1261 2286 11111-

23 2339 153 2388 tractum
169 2329 286 2387 dividit.
319 2329 487 2386 Attenditur
502 2336 595 2384 autern
610 2331 640 2384 in
657 2329 769 2386 duobus
784 2330 907 2398 casibus,
928 2330 1023 2401 primo
1041 2330 1117 2384 inter
1131 2328 1262 2384 relictam

23 2427 128 2499 sponsi
142 2434 170 2482 et
191 2428 418 2498 consanguineos
433 2427 505 2494 eius,
527 2426 653 2482 secundo
667 2429 743 2481 inter
757 2426 885 2482 sobolem
898 2432 1060 2497 susceptam
1076 2440 1112 2478 ex
1126 2424 1261 2480 secundis

24 2525 141 2595 nuptiis
162 2530 190 2579 et
211 2525 381 2597 cognatione
401 2523 508 2594 prioris
529 2523 595 2576 viri.
638 2522 670 2577 In
693 2524 787 2594 primo
809 2538 876 2577 casu
897 2521 1020 2592 impedit
1034 2521 1261 2578 contrahendum

24 2629 55 2676 et
78 2621 190 2677 dirimit
212 2627 405 2688 contractum,
436 2627 468 2674 ut
489 2620 519 2673 O.
534 2619 655 2675 XXVII.
679 2635 725 2690 qn.
743 2613 762 2676 2
785 2619 818 2673 st
838 2619 897 2689 qais
918 2619 1120 2688 desponsaverit
1141 2612 1259 2688 (1.11),

27 2719 84 2781 Qut
112 2720 299 2790 desponsatam
326 2714 366 2789 (c.
382 2711 450 2790 12),
478 2716 511 2770 Si
538 2718 598 2787 quis
624 2733 733 2770 sauram
755 2711 793 2786 (c.
811 2709 879 2787 14),
911 2715 943 2769 St
970 2717 1030 2786 quis
1058 2715 1260 2784 desponsaverit

25 2809 147 2887 (1.15).
181 2813 255 2870 Ecce
277 2815 354 2870 enim
376 2812 562 2884 desponsavit
577 2812 677 2868 Petrus
692 2813 835 2880 Bertham,
852 2819 877 2868 et
893 2820 1046 2882 antequam
1061 2812 1089 2867 ei
1106 2810 1261 2865 carnaliter

24 2914 203 2982 iungeretur,
225 2917 425 2979 mortuusest3
448 2909 483 2964 de
505 2918 599 2966 cetero
620 2910 718 2964 nullus
740 2910 775 2964 de
797 2909 965 2981 cognatione
979 2909 1058 2963 Petri
1077 2908 1183 2978 poterit
1198 2921 1260 2961 eam

26 3009 175 3078 accipere,
205 3014 233 3063 et
252 3009 278 3062 si
301 3008 455 3077 acceperit,
484 3006 680 3077 separabitur,
710 3014 743 3060 ut
769 3007 800 3060 in
827 3006 881 3060 illo
910 3021 973 3076 cap.
1002 3005 1035 3059 st
1055 3006 1115 3077 qaia
1135 3020 1259 3070 morem,

27 3105 145 3160 videtur
171 3111 264 3160 tamen
293 3105 467 3160 contrarium
488 3104 662 3160 Benedictus
683 3103 736 3173 Pp.
765 3103 890 3158 scribere
913 3101 1054 3156 Gradensi
1077 3099 1258 3171 patriarchae

28 3202 145 3256 dicens:
176 3201 233 3256 Lea
253 3203 361 3258 diuinos
382 3202 577 3256 constitutionis
598 3211 647 3256 etc.
665 3195 720 3272 Π);
749 3199 800 3254 sed
824 3199 901 3254 illud
923 3199 957 3254 de
979 3215 1085 3269 sponsa
1105 3198 1140 3252 de
1161 3198 1257 3252 futuro

27 3298 79 3352 vel
99 3297 134 3354 de
152 3297 303 3368 impubere
325 3298 440 3354 dieitur.
484 3298 631 3354 Secundus
655 3313 738 3353 casus
758 3295 895 3366 publicae
921 3296 1079 3351 honestatis
1108 3302 1164 3361 est,
1192 3309 1257 3347 cum

28 3395 130 3465 aliqua
155 3403 267 3452 mortno
296 3397 359 3451 viro
387 3397 492 3450 transit
518 3394 555 3448 ad
582 3394 723 3450 secundas
751 3395 868 3463 nuptias
895 3400 923 3446 et
949 3408 985 3448 ex
1011 3393 1074 3446 illis
1096 3392 1188 3446 filium
1208 3389 1257 3442 vel

28 3490 119 3546 tiliam
140 3493 285 3562 genuerit,
315 3499 384 3548 tnnc
411 3492 519 3562 quippe
546 3491 642 3561 proles
670 3507 707 3546 ex
727 3489 781 3544 hac
809 3489 939 3544 secunda
959 3489 1065 3560 copula
1085 3503 1143 3542 non
1164 3491 1258 3556 potest

28 3587 159 3656 copulari
184 3589 406 3660 consanguineis
434 3588 541 3659 prioris
569 3588 626 3642 viri
655 3587 797 3658 usquein
819 3594 950 3656 quartam
972 3585 1200 3657 generationem,
1224 3589 1257 3638 11

29 3685 62 3738 C.
76 3683 193 3739 XXXV.
217 3701 265 3756 qu.
280 3681 326 3742 10.
349 3702 373 3741 1.
387 3682 413 3742 1.
435 3680 463 3742 2.
484 3679 511 3742 3.
533 3679 570 3752 4;
593 3691 724 3754 quartam
745 3690 839 3738 antem
857 3683 1068 3754 generationem
1089 3681 1109 3734 i.
1125 3695 1149 3733 c.
1172 3695 1256 3750 qnar-

29 3788 90 3835 tum
110 3780 225 3852 gradum
245 3789 316 3852 pnto
345 3782 505 3851 computari
534 3789 644 3836 tantum
673 3797 709 3836 ex
730 3786 810 3850 parte
831 3780 889 3832 viri
909 3779 1095 3848 praemortui,
1119 3777 1208 3834 videl.
1230 3777 1255 3830 si

29 3878 57 3933 ei
78 3884 173 3948 quarto
201 3878 292 3951 gradu
313 3878 454 3934 attinebat
474 3879 521 3934 vel
544 3879 630 3949 citra,
657 3877 735 3948 quod
756 3891 792 3930 ex
811 3876 968 3946 praedictis
990 3875 1127 3946 capitulis
1148 3874 1256 3932 coniici

29 3980 135 4044 poteat3
156 3982 182 4030 et
201 3975 257 4030 hoc
277 3975 516 4047 impedimentum
538 3981 651 4046 separat
672 3981 858 4028 contractum.

108 4064 150 4128 13.
176 4071 325 4143 Tempus
340 4073 507 4128 feriarum
523 4079 565 4128 est
579 4071 616 4126 ab
631 4070 757 4126 adventu
772 4070 890 4126 Domini
904 4085 995 4140 usque
1009 4068 1046 4124 ad
1059 4066 1255 4140 IlpIphaniam

30 4175 59 4224 at
79 4167 221 4224 aLXXma
244 4185 336 4240 usque
364 4170 395 4224 in
417 4177 547 4226 octavam
569 4168 697 4224 Paschae
719 4174 746 4222 el
761 4167 852 4222 tribus
866 4165 1099 4222 bebdomadibus
1120 4172 1185 4220 ante
1205 4177 1255 4216 na-

32 4266 166 4321 tivitatem
194 4266 220 4322 S.
236 4265 359 4322 Joannis
380 4265 543 4337 Baptistae,
571 4267 602 4322 in
624 4264 731 4337 quibus
752 4263 930 4336 temporibus
951 4279 1009 4320 non
1030 4264 1099 4318 licet
1120 4260 1157 4316 ob
1175 4274 1254 4314 rave·

34 4560 73 4630 ᾖῆ.
89 4576 118 4610 aa
133 4576 177 4626 quo
194 4569 291 4614 111...
305 4559 392 4626 possit.
446 4559 481 4624 ¹²⁷)
501 4557 541 4612 ct.
561 4575 584 4612 c.
603 4557 643 4613 18.
663 4557 693 4612 C.
708 4555 825 4610 XXVII.
846 4575 890 4626 qu.
902 4557 926 4612 2.
942 4562 967 4610 et
985 4572 1007 4608 c.
1024 4555 1047 4610 1.
1068 4553 1162 4621 Comp.
1178 4553 1199 4606 1.
1220 4553 1253 4606 de
