3062 5174
452 243 571 300 CASUS
603 242 892 300 DECRETALIUM.
1231 237 1289 302 331

36 419 163 490 spiciat
183 421 293 477 litteras
321 421 496 493 apostolicas
523 422 622 476 missas
652 423 859 478 conventrensi
885 428 914 478 et
941 423 1014 478 alias
1039 435 1093 493 pro
1120 437 1168 477 reo
1196 421 1234 476 ad
1261 437 1291 478 so

37 519 175 586 missas,
208 519 281 573 etsi
303 518 332 574 in
354 518 564 590 posterioribus
584 535 642 575 non
664 525 706 574 est
727 521 802 576 lacta
822 520 929 575 mentio
949 521 1095 590 priorum,
1121 519 1291 576 sententiam

41 615 249 670 Conventren.
272 617 429 684 confirmet,
451 621 479 672 et
490 633 569 672 rcum
588 615 625 671 ad
640 617 736 676 sedem
751 617 940 688 apostolicam
954 633 1020 673 curn
1034 617 1138 673 litteris
1152 617 1291 690 posterio-

40 711 139 767 ribus
161 713 234 768 iorte
255 715 393 785 suspectis
414 713 526 770 mittere
546 730 605 770 non
626 720 789 785 postponat.

504 886 541 954 Ο.
569 889 597 956 3.
641 891 778 954 Oetaum
799 899 850 953 etc.

98 1025 189 1080 Casus
223 1027 400 1083 manifestus.
432 1059 471 1068 —
499 1031 648 1100 procedere
740 1029 822 1085 Dom.
838 1027 871 1084 G.
895 1035 922 1084 et
937 1029 1019 1084 Dom.
1037 1027 1071 1084 R.
1093 1027 1222 1100 litigium
1241 1027 1292 1082 ha·

47 1123 170 1178 debent:
191 1123 314 1180 Videtur
336 1133 425 1182 contr.
447 1125 524 1180 inira
545 1126 580 1182 de
602 1129 647 1183 oti.
698 1125 798 1182 bentes
825 1125 1004 1194 adinvicem,
1034 1123 1067 1180 G.
1090 1127 1203 1181 litteras
1228 1125 1291 1196 qui·

48 1220 150 1276 indie.
186 1219 277 1293 deleg.
311 1221 384 1278 Scae
419 1219 459 1296 (c.
480 1217 542 1296 16).
593 1224 649 1278 Sed
698 1223 822 1278 busdam
849 1221 998 1278 iudicibus
1029 1223 1170 1278 committi
1199 1223 1291 1294 impe·

49 1317 295 1390 distinguendum
317 1329 368 1391 est,
393 1325 489 1374 utrum
509 1321 575 1388 ille,
598 1321 649 1392 qui
699 1321 803 1388 travit,
829 1319 863 1375 R.
886 1336 954 1376 vero
975 1335 1062 1391 super
1082 1319 1182 1375 eadem
1203 1335 1304 1376 causa.

50 1416 199 1471 secundas
218 1416 329 1472 litteras
343 1419 518 1489 impetravit,
541 1417 650 1473 sciebat
700 1418 767 1472 aliis
787 1417 935 1472 iudicibus
961 1417 1033 1472 alias
1062 1417 1172 1472 litteras
1200 1418 1291 1487 impe·

51 1513 93 1568 de
111 1513 263 1584 praedicta
283 1515 495 1583 commissione,
517 1532 552 1571 an
567 1517 649 1586 igno·
699 1515 794 1569 travit.
844 1514 1013 1584 Quaeritur,
1045 1529 1119 1586 quae
1146 1515 1214 1585 plus
1241 1530 1291 1568 va-

10 1657 16 1663 .
52 1609 157 1666 rabat:
182 1612 276 1682 primo
298 1626 367 1668 casu
387 1619 478 1685 tenet,
502 1611 580 1685 quod
600 1612 649 1668 hic
698 1604 797 1667 leant‘i
828 1611 1045 1682 Respondetnr,
1067 1612 1136 1666 siin
1156 1610 1291 1667 secundis

51 1707 183 1776 dicitur,
212 1708 353 1778 secundo,
383 1709 462 1780 quod
489 1710 550 1778 ibi,
579 1711 649 1781 quia
698 1710 730 1762 fit
750 1710 857 1764 mentio
880 1707 915 1764 de
935 1708 1093 1779 prioribus,
1117 1714 1227 1764 tantum
1249 1723 1291 1764 se-

50 1806 144 1860 etiam
170 1805 219 1862 bie
246 1806 342 1860 notari
367 1813 461 1877 potest
481 1808 528 1862 vel
549 1806 649 1863 subdi·
699 1805 811 1862 eundae
853 1808 966 1874 valent,
1008 1805 1138 1876 alioquin
1179 1811 1289 1862 tantum

52 1910 119 1956 tur:
146 1919 227 1964 ,oum
249 1903 366 1958 eaedem
387 1905 648 1962 nonsintveritate
698 1905 824 1974 primac3
854 1903 931 1958 unde
952 1903 1003 1972 lo,
1033 1905 1058 1958 si
1087 1901 1228 1958 secundus
1250 1909 1287 1956 ta-

51 2001 145 2054 tacita
165 2001 369 2070 impetratae;“
402 2017 468 2074 ergo
491 2001 648 2073 aliquando
699 2001 756 2056 cita
776 2003 895 2056 veritate
914 2000 1093 2074 impetravit,
1124 2000 1290 2056 adversario

52 2104 150 2152 statur
160 2097 307 2168 prioribus
318 2099 434 2168 litteris,
450 2107 478 2156 et
489 2098 648 2171 aliquando
699 2097 939 2162 condemnabitur
959 2099 991 2153 in
1013 2098 1157 2171 expensis.

50 2195 275 2265 posterioribus,
298 2203 329 2252 ut
346 2198 422 2252 infra
436 2197 498 2253 eod.
514 2197 546 2252 Si
560 2206 648 2252 cutem

50 2293 157 2362 aliquia
177 2288 216 2364 (c.
229 2287 273 2362 7),
295 2293 454 2364 aliquando
475 2293 690 2366 suspenduntur
707 2299 853 2364 utraeque,
875 2299 907 2348 ut
920 2291 998 2348 inira
1011 2289 1046 2347 de
1060 2293 1105 2348 ott.
1120 2291 1181 2348 iud.
1198 2291 1290 2364 deleg.

50 2389 128 2442 Sane
150 2385 190 2462 (c.
205 2383 267 2461 td).
289 2419 328 2430 —-
349 2393 377 2444 ia
391 2393 514 2462 arpensis
528 2392 700 2446 condemnari
714 2391 806 2445 debet:
828 2391 994 2462 demerito,
1016 2390 1085 2460 quia
1106 2391 1185 2444 fraus
1205 2395 1291 2444 nocet

50 2487 164 2553 utenti,
193 2502 251 2542 non
280 2495 373 2542 autem
394 2487 494 2542 fraude
517 2489 642 2555 carenti3
671 2475 765 2542 simile
787 2503 826 2542 ar.
849 2488 924 2542 inira
946 2484 981 2542 de
1002 2488 1110 2561 appell.
1131 2488 1290 2558 Reprehen-

49 2585 143 2640 sa'bilis
163 2580 202 2657 (c.
217 2578 272 2658 42)
292 2589 320 2638 et
339 2585 417 2640 inira
438 2583 473 2640 de
495 2585 563 2642 dolo
584 2585 629 2640 Ea
650 2585 746 2640 litteris
769 2580 808 2657 (o.
824 2578 867 2657 2).

461 2757 499 2824 C.
521 2761 551 2824 4.
594 2763 677 2821 Inter
698 2769 808 2822 ceteras
828 2769 879 2820 eto.

136 2897 304 2966 Quaeritur,
333 2897 404 2969 quid
431 2899 504 2954 iuris
531 2901 584 2968 sit,
614 2916 679 2956 cum
703 2899 760 2954 duo
781 2897 954 2953 mandantur
975 2897 1028 2952 sub
1051 2896 1236 2953 disiunctivis
1250 2891 1287 2969 ⁴),

54 3010 179 3065 quorum
206 3011 294 3050 unum
324 3003 365 3050 est
393 3011 507 3064 verum,
543 2997 664 3052 altorum
695 2988 819 3050 lclsum‘i
866 2996 968 3065 Resp,
1001 2993 1079 3066 quod
1111 2993 1287 3063 praepositio

54 3091 234 3148 disiunctiva
249 3088 275 3168 ⁵)
296 3098 339 3148 est
362 3109 444 3162 vera,
473 3094 498 3148 si
525 3095 586 3148 eius
615 3094 705 3150 altera
732 3109 800 3163 pars
826 3099 869 3147 est
895 3107 980 3162 vera3
1009 3091 1173 3162 exemplum
1190 3085 1215 3164 ⁸)
1236 3107 1287 3162 per

55 3205 86 3244 se
106 3195 196 3259 patet.

486 3361 524 3428 O.
546 3363 575 3430 5.
617 3368 652 3426 Si
673 3368 795 3444 quondo
817 3375 868 3427 etc.

134 3502 231 3558 Verba
251 3503 347 3575 Papae
373 3503 411 3559 ad
435 3505 700 3576 archiepiscopum:
740 3501 804 3559 Non
825 3505 921 3560 minus
942 3511 970 3560 te
992 3501 1158 3576 diligimus,
1191 3519 1289 3573 quam-

53 3601 99 3654 vis
115 3600 297 3672 quandoque,
319 3597 379 3677 [ut]
401 3601 577 3657 clamoribus
599 3603 809 3672 querelantium
831 3601 1058 3670 satisfaciamus,
1080 3601 1167 3656 nimis
1189 3616 1288 3672 aspero

53 3697 110 3751 tibi
131 3697 301 3767 scribamus,
322 3698 399 3754 unde
421 3700 446 3754 si
466 3699 522 3754 hoc
539 3697 679 3754 acciderit
693 3715 835 3771 rogamus,
857 3697 1058 3766 removeatis,
1081 3697 1131 3754 sed
1147 3697 1288 3754 rescribas

55 3794 142 3851 nobis
163 3810 296 3864 causam,
318 3811 406 3868 quare
427 3797 521 3852 lacere
542 3811 600 3852 non
622 3796 716 3867 possis
737 3793 816 3866 qnod
836 3795 1044 3866 praecepimus.

489 3967 527 4036 O.
549 3971 579 4038 6.
622 3975 671 4034 Aol
690 3991 780 4035 cures
800 3979 852 4032 ete.

95 4108 184 4164 Casus
211 4107 390 4166 manifestus.
435 4110 579 4167 Hieratis
600 4127 643 4168 re-
733 4109 854 4179 Quaeris
876 4107 949 4181 quid
974 4110 1047 4166 iuris
1076 4111 1129 4177 sit,
1160 4111 1186 4164 si
1206 4125 1288 4180 prce·

52 4204 241 4276 prehenditur
255 4211 284 4262 et
298 4212 418 4277 apparet
431 4207 554 4264 avaritia
572 4224 642 4280 quo·
692 4207 746 4262 lati
766 4207 854 4264 tacito
882 4208 1000 4264 nomino
1029 4205 1179 4279 dignitatis
1208 4206 1288 4262 velut

54 4303 177 4360 tundam
210 4304 420 4378 praelatorum,
457 4305 510 4376 qni
539 4306 643 4362 nolunt
692 4305 839 4376 supplices
880 4305 982 4362 elerici
1015 4319 1068 4376 per
1103 4302 1287 4374 interpositas

53 4528 75 4591 ³)
101 4527 134 4581 ln
154 4525 219 4582 (lod.
245 4530 392 4585 adduntur:
417 4531 479 4582 bunc
500 4530 623 4598 patulum
647 4531 709 4582 dura
732 4530 758 4581 ia
781 4533 909 4584 medana.
981 4529 1005 4593 ⁴)
1029 4529 1062 4583 ln
1085 4536 1199 4598 utroque
1218 4527 1287 4583 (lod.

56 4600 169 4652 occurrit
187 4598 350 4654 dr'airemte'one.
418 4601 441 4668 ο)
460 4599 526 4657 coo.
545 4601 590 4658 Fr.
611 4601 692 4656 habet
709 4599 838 4655 disiuncta.
909 4598 932 4674 ⁶)
951 4598 1016 4662 (lod.
1035 4598 1111 4665 Mop.
1132 4601 1204 4660 addit
1221 4617 1286 4656 ceo.
