3098 5184
583 241 817 299 umbonis.
1206 245 1211 256 '
1237 241 1318 297 XLV

101 419 162 481 satis
184 425 304 482 constet
347 417 492 482 Custodes
514 417 636 494 desunt,
665 418 730 481 libri
752 433 825 480 vero
847 431 988 479 numeros
1009 413 1046 478 ad
1068 433 1211 480 summam
1233 415 1319 480 folio-

101 546 156 588 rum
178 529 338 609 marginem
360 529 514 592 adnotatos
535 527 644 608 babes,
665 528 798 591 rubricas
820 533 907 608 atque
929 526 1047 588 initialia
1068 525 1104 588 ad
1133 526 1257 605 notulas,
1281 545 1319 589 ex

100 637 198 699 librarii
220 655 307 700 manu
329 638 436 718 passim
459 638 495 701 ad
518 639 682 721 marginem
708 637 804 701 adhuc
832 636 950 715 obvias,
980 635 1069 699 rubro
1092 635 1193 699 colore
1215 636 1321 700 adiecit

99 747 239 826 minialor,
273 748 323 828 qui
352 766 409 810 nec
437 748 467 810 in
495 747 747 832 paragrapborum
775 745 901 810 substitit
922 747 1015 827 signis
1037 745 1196 824 addendis,
1219 764 1318 826 neque

99 873 214 918 numero
242 855 339 918 multis
368 875 466 938 neque
489 875 527 920 ex
547 860 662 922 ratione
683 857 803 940 positis,
839 856 893 920 sed
921 863 951 919 ct
978 856 1074 936 ipsum
1094 873 1226 918 summae
1247 871 1319 917 con-

98 972 198 1028 tentum
227 965 329 1029 litteris
359 967 449 1030 rubro
482 967 584 1031 colore
612 968 733 1034 adiectis
762 967 811 1030 vel
840 967 982 1030 correctis
1014 966 1123 1047 passim
1159 965 1319 1028 emendare

97 1073 167 1136 hand
187 1073 244 1137 sibi
264 1075 363 1138 habuit
385 1077 522 1140 alienum.
557 1075 726 1140 Membrana
750 1085 780 1139 et
799 1077 910 1141 rasuris
931 1074 1058 1138 abundat
1079 1083 1109 1137 et
1129 1074 1320 1138 foraminibus

96 1191 175 1265 atque
189 1185 337 1266 scissuris,
359 1187 437 1249 unde
459 1195 558 1250 tamen
573 1188 629 1269 ipsi
642 1186 766 1267 litterae,
789 1205 856 1250 cum
870 1185 1015 1250 eiusmodi
1029 1184 1112 1248 locos
1126 1184 1319 1250 solertissime

95 1294 241 1358 evitaverit
256 1294 365 1358 librarii
380 1295 518 1377 calamus,
540 1297 650 1360 nullum
672 1299 808 1378 provenit
829 1295 1022 1378 dispendium.
1066 1295 1268 1376 Compluribus
1289 1295 1319 1356 in

95 1402 165 1465 loliis
187 1411 308 1468 veteres
329 1412 387 1468 tam
408 1407 571 1487 scripturae
591 1425 678 1488 quarn
700 1408 872 1471 miniaturae
893 1406 1114 1488 perlucescunt3
1144 1405 1319 1485 scriptorum

96 1529 160 1576 vcro
180 1531 284 1576 rasura
307 1513 471 1579 deletorum
493 1525 611 1598 natura,
641 1525 723 1580 aetas
742 1525 830 1600 atque
852 1518 938 1598 origo
960 1516 1043 1580 hisce
1065 1533 1104 1577 ex
1125 1515 1259 1596 vestigiis
1281 1531 1317 1578 eo

94 1623 182 1686 minus
203 1623 275 1686 mihi
299 1632 363 1688 evat
385 1625 556 1707 divinanda,
583 1645 641 1709 quo
664 1628 757 1690 maior
778 1628 808 1690 in
829 1625 953 1707 singulis
975 1625 1051 1688 loliis
1073 1624 1234 1688 litterarum
1257 1643 1319 1688 ser-

94 1739 217 1796 vabrum
242 1741 289 1797 est
309 1735 473 1799 diversitas.
516 1735 561 1799 De
582 1744 731 1818 tempore,
762 1753 819 1817 quo
849 1737 1032 1817 conscriptus
1054 1736 1091 1799 sit
1112 1735 1223 1816 codex,
1253 1735 1316 1798 scil.

93 1842 125 1903 li.
141 1841 239 1906 llsscl.
257 1843 295 1905 hl.
312 1844 443 1920 Octobr,
465 1847 529 1927 ipse
551 1846 686 1910 librarius
708 1863 762 1908 nos
785 1847 928 1909 certiores
944 1845 1014 1909 lecit
1027 1845 1183 1938 versiculis
1199 1845 1318 1928 quibus·

94 1951 153 2014 dam
173 1955 204 2016 in
226 1953 286 2016 fine
309 1973 443 2020 summae
465 1956 604 2036 adiectis;
632 1975 691 2038 quo
714 1964 811 2019 autem
833 1957 917 2032 loco,
942 1973 1041 2037 neque
1063 1955 1172 2018 addidit
1192 1956 1318 2037 scriptor

92 2078 181 2143 neque
204 2063 323 2126 aliunde
346 2083 384 2131 ex
405 2066 469 2146 ipso
491 2073 571 2146 patet
591 2066 676 2145 libro,
699 2066 838 2147 idemque
859 2066 972 2140 nescio,
999 2066 1115 2147 quando
1138 2073 1167 2128 et
1187 2064 1266 2127 unde
1288 2065 1318 2126 in

94 2170 274 2251 Lipsiensem
287 2177 541 2256 transmigraverit
555 2167 771 2238 bibliothecam.
803 2175 877 2237 llinc
892 2174 961 2238 mihi
975 2174 1004 2237 id
1019 2193 1107 2236 unum
1121 2181 1223 2253 restat,
1239 2174 1318 2256 quod

93 2281 208 2362 addam,
238 2283 340 2365 plures
367 2287 398 2347 iu
425 2292 599 2366 tegumento
627 2284 692 2348 libri
717 2285 842 2348 subesse
863 2301 1004 2348 numeros
1026 2291 1113 2366 atque
1134 2284 1241 2348 titulos.
1285 2285 1318 2348 ln

93 2408 199 2455 summo
222 2395 302 2457 enim
325 2394 414 2458 dorso
436 2396 605 2476 inscriptum
628 2393 709 2457 vides
730 2395 780 2470 te,
807 2395 857 2476 qui
880 2412 1019 2458 numerus
1041 2394 1113 2457 alias
1136 2412 1196 2456 non
1216 2412 1318 2457 recur-

90 2501 137 2578 rit,
164 2510 255 2584 atque
277 2505 308 2566 in
328 2504 427 2568 intimo
450 2504 629 2586 agglutinata
654 2512 699 2566 est
721 2503 861 2567 schedula
883 2521 1028 2588 papyrea,
1052 2504 1196 2568 exhibens
1217 2505 1317 2584 signa-

91 2616 176 2674 hrram
198 2615 269 2676 982
283 2617 325 2676 Μ.
341 2617 390 2692 S„
413 2615 479 2695 ipso
500 2615 529 2676 in
552 2614 626 2676 libro
648 2614 754 2676 iterum
781 2615 916 2693 obviam3
944 2623 1097 2696 praeterea
1120 2615 1230 2678 lumin
1252 2617 1317 2696 ipso

93 2719 175 2784 dorso
190 2723 269 2786 haec
283 2724 421 2805 inscripta
436 2724 585 2786 videmus:
607 2725 651 2786 32
669 2721 818 2809 levum!
837 2729 991 2787 Beruordt
1004 2746 1094 2805 anper
1111 2722 1245 2811 lDecretl
1265 2727 1318 2804 32,

91 2835 144 2892 tum
165 2833 197 2894 in
218 2833 316 2896 fronte
337 2835 501 2916 tegumenti
521 2833 610 2896 rubro
632 2834 751 2909 colore,
782 2843 920 2915 quantum
947 2835 1062 2900 litterae
1083 2855 1177 2918 paene
1200 2836 1316 2899 deletae

93 2940 221 3022 produnt,
245 2942 294 3005 hic
312 2959 351 3006 ex
365 2945 483 3024 antiquo
498 2944 632 3024 impietus
648 2951 693 3007 est
707 2945 823 3009 titulus:
851 2947 968 3009 libellus
981 2946 1171 3028 Bc[mbardi
1190 2945 1317 3028 salvent.

92 3051 371 3135 machamaticum
395 3052 611 3135 decre]tclium.

167 3164 203 3239 b)
225 3161 277 3226 Ad
296 3163 641 3227 vindobonensem
663 3171 782 3228 nauseo
805 3165 950 3246 codicem,
973 3165 1087 3228 lormae
1109 3167 1245 3244 minoris,
1268 3167 1318 3246 qui

91 3287 162 3335 nunc
180 3271 379 3334 bibliothecae
394 3271 745 3354 Imperatoriae-aulicae
761 3282 806 3338 est
820 3275 944 3356 eiusque
958 3275 1036 3338 inter
1050 3275 1141 3338 libros
1157 3277 1318 3338 manuscri-

91 3388 150 3459 ptos
164 3381 220 3444 sub
235 3380 287 3443 Nr.
300 3380 380 3447 1326
403 3381 524 3458 (salsi.
541 3382 617 3458 244)
638 3386 793 3448 recenseri
815 3384 899 3448 solet.
938 3383 1012 3448 Eum
1034 3403 1127 3466 usque
1148 3385 1185 3447 ad
1209 3386 1317 3466 primos

90 3487 169 3553 huius
183 3489 280 3554 seculi
292 3508 385 3553 annos
396 3491 697 3574 Arebiepiscoporum
715 3501 744 3556 et
758 3495 921 3576 Principum
934 3494 1199 3576 Salisburgeusiuvu
1215 3495 1316 3578 luisse,

92 3615 125 3660 en
143 3599 249 3663 litteris
269 3600 313 3662 ΙΙΙ.
336 3600 550 3669 delinitione
572 3603 669 3682 didici,
693 3605 742 3684 qui
763 3605 840 3666 idem
862 3621 979 3666 mecum
1001 3605 1234 3685 communicavit,
1257 3615 1317 3670 tum

90 3709 176 3789 ipsius
206 3711 390 3792 compaginis
417 3711 558 3792 formam,
591 3731 668 3794 qnae
695 3713 819 3776 aliorum
847 3713 933 3791 buius
960 3715 1084 3794 originis
1112 3715 1253 3778 librorum
1281 3718 1317 3780 sit

91 3819 206 3901 eadem,
236 3827 297 3883 tum
318 3828 450 3884 veterem
478 3821 560 3885 rubri
589 3823 699 3886 coloris
727 3825 757 3885 iu
788 3829 960 3904 tegumento
984 3824 1222 3904 inscriptionem:
1249 3826 1316 3887 263

95 3924 233 4007 idumeae
254 3934 413 4011 quaedem,
434 3951 511 4011 quae
531 3938 653 4012 incipit:
675 3931 680 4016 Ι
709 3935 849 4008 „umbem
873 3935 1101 3996 abbreviatum“
1126 3931 1131 4019 Ι
1156 3939 1318 4014 itemquae

91 4037 133 4100 bic
154 4035 294 4122 inltcrtm
307 4038 350 4118 89)
378 4047 461 4106 cirea
485 4047 669 4122 principium
693 4053 764 4106 aunt
785 4045 947 4122 descripto,
977 4050 1060 4106 entra
1088 4061 1177 4106 omne
1204 4062 1317 4126 ponere

121 4343 153 4409 ”l
170 4343 246 4397 Intra
262 4350 447 4412 tegumentum
466 4346 595 4400 schedula
613 4363 739 4415 papyrea,
759 4347 799 4400 illi
814 4345 902 4400 medio
915 4349 1088 4416 agglutinata,
1105 4349 1172 4401 haec
1185 4349 1316 4402 continet:
1368 4359 1375 4384 v

171 4429 205 4481 In
225 4431 268 4480 hoc
285 4431 402 4482 uolumine
420 4434 567 4484 contiaectur
589 4433 658 4500 infra
681 4434 786 4499 serapte.-
815 4433 820 4500 Ι
844 4433 905 4484 Item
930 4452 1020 4486 marma
1044 4435 1175 4502 quaedem,
1200 4451 1264 4500 puae
1281 4435 1317 4485 ia-

169 4517 241 4582 cipit.-
258 4519 353 4568 uerbum
371 4516 550 4584 ablbreuiotum
575 4520 580 4588 Ι
603 4519 665 4572 Item
676 4537 794 4570 ammoneo
812 4521 943 4572 brevissima*
953 4522 982 4571 de
995 4531 1097 4587 tempore
1104 4539 1151 4586 per
1174 4517 1178 4588 Ι
1204 4521 1317 4572 circulum

172 4605 233 4658 cuni
249 4604 255 4672 Ι
273 4603 334 4656 Item
351 4604 468 4656 muratula
484 4607 595 4672 magistri
610 4607 741 4660 bochardi
761 4609 800 4673 ffp‘v
816 4609 943 4675 faventini
958 4605 964 4679 Ι
981 4625 1053 4673 cuper
1078 4606 1249 4670 decretalibuap
1274 4609 1316 4662 his
