3062 5174
246 205 305 270 332
626 210 823 268 BERNARDI
853 211 904 266 ΕΤ
937 210 1098 268 mosum

245 405 351 460 ponere
372 391 458 444 tinem
474 396 541 446 voto
555 389 683 446 habendi
696 389 836 460 praeben·
886 405 1023 460 personas
1050 390 1164 446 litteras
1190 391 1352 462 impetrant
1376 391 1415 446 de
1436 393 1484 446 mi·

246 487 307 555 das,
329 493 357 542 st
372 485 448 554 ideo,
471 488 591 542 veritate
612 488 700 543 tacita
720 495 748 542 et
768 503 835 558 sup·
886 487 1006 544 noribus
1025 487 1176 544 beneflciis
1194 487 1408 559 impetrandis3
1432 489 1483 542 tibi

245 600 343 655 presso
365 584 481 641 nomine
496 600 565 640 suae
579 583 740 656 dignitatis,
762 583 835 640 alias
886 583 1108 656 respondemus,
1137 586 1209 640 tales
1229 586 1343 640 litteras
1368 586 1414 640 nil
1437 602 1483 640 vs-

245 680 440 752 praebendas,
462 697 535 752 quae
558 683 683 738 conferri
698 681 836 736 deberent
885 681 961 750 lere,
983 697 1019 737 ne
1039 682 1117 738 fraus
1139 683 1180 738 eis
1200 683 1240 738 sit
1259 683 1390 738 lucrosa

244 777 420 850 pauperibus
442 779 569 846 clericis,
591 796 643 834 sus
663 779 835 850 importuni·

244 883 301 932 tate
321 882 470 948 usurpant,
491 892 549 932 non
571 876 758 943 attendentes,
781 875 869 948 quod,
890 882 1030 946 quantum
1051 881 1183 932 creseunt
1202 877 1233 930 in
1254 891 1380 932 numero
1401 892 1481 947 prae-

242 972 418 1042 bendarum,
439 981 549 1028 tantum
571 972 740 1030 decrescunt
760 973 791 1028 in
812 988 929 1030 munere
950 965 994 1046 (i)
1016 973 1180 1046 gratiarnm.
1223 973 1357 1029 Ceterum
1381 976 1480 1028 statuit

243 1071 440 1142 Apostolious,
462 1076 494 1125 ut
506 1071 578 1126 haec
592 1071 669 1125 fraus
685 1071 726 1124 eis
741 1070 778 1125 ad
793 1072 870 1142 ipsas
887 1067 1059 1126 obtinendas
1073 1071 1238 1125 nullatenus
1259 1071 1478 1142 patrocinetnr;

243 1169 338 1226 simile
359 1169 435 1224 inira
456 1168 491 1224 de
512 1167 613 1224 cohab.
636 1167 732 1223 cleric.
754 1173 783 1224 et
802 1168 872 1225 mul.
894 1167 983 1240 Super
1003 1184 1034 1223 eo
1054 1162 1094 1240 (c.
1109 1161 1152 1240 8).

611 1364 649 1433 C.
672 1369 702 1433 t.
744 1372 780 1432 st
801 1379 901 1432 autem
922 1372 1034 1450 aliquis
1054 1379 1106 1432 etc.

283 1525 382 1581 Casus.
415 1523 539 1593 Quidam
560 1540 708 1597 possessor
728 1525 771 1580 rei
785 1540 833 1596 pc·
925 1523 959 1581 G.
982 1511 1198 1582 couventus'ab
1219 1524 1253 1580 lt.
1281 1539 1336 1595 per
1362 1525 1477 1580 litteras

243 1625 328 1689 titas,
363 1624 395 1677 in
423 1622 535 1679 iudicio
562 1630 692 1679 metuens
721 1628 834 1678 contra·
883 1623 979 1694 Papae
1006 1623 1132 1694 excipit:
1164 1621 1198 1677 G.
1227 1637 1283 1676 non
1316 1629 1402 1692 potes
1433 1637 1477 1676 me
1522 1689 1523 1692 Ἴ

242 1721 315 1776 riam
343 1721 512 1778 sententiam
542 1728 704 1791 reportare,
734 1720 833 1791 appel·
883 1717 1037 1775 cobvenire
1066 1735 1119 1790 per
1152 1719 1204 1774 has
1238 1719 1369 1786 litteras,
1408 1735 1476 1790 qura

241 1803 315 1873 lavit
342 1817 380 1873 ad
407 1819 595 1889 apostolicam
617 1817 713 1874 sedem
735 1824 763 1873 et
782 1816 833 1874 ob·
883 1833 969 1888 super
990 1817 1044 1872 hoo
1065 1817 1140 1872 iacto
1161 1817 1271 1886 priores
1297 1815 1414 1887 habeo,
1440 1817 1475 1871 de
1522 1893 1523 1898 ἵ

242 1917 330 1971 tinuit
363 1917 474 1970 litteras
509 1916 740 1983 commissionis,
782 1914 832 1970 sed
883 1913 988 1986 quibus
1010 1922 1074 1970 tuae
1087 1929 1145 1970 non
1160 1913 1271 1968 iaciunt
1285 1913 1474 1969 mentionem.
1522 1919 1523 1940 ¹

241 2019 487 2068 causamnouest
507 2020 683 2083 prosecutus.
719 2011 831 2068 Adver-
882 2011 1050 2080 Quaeritur,
1081 2009 1154 2082 quid
1173 2011 1246 2065 iuris
1267 2002 1327 2065 siti
1369 2010 1473 2081 Resp:
1522 2089 1523 2100 ἵ

240 2113 333 2166 sarius
364 2117 458 2166 autem
486 2109 547 2165 eius
576 2107 613 2164 ab
641 2109 740 2166 eadem
764 2109 831 2166 sede
881 2111 907 2164 si
928 2106 962 2164 G.
983 2125 1036 2180 per
1056 2107 1262 2180 negligentiam
1291 2108 1376 2177 prius
1400 2109 1472 2163 litte⁴
1522 2107 1523 2184 ,

239 2209 351 2262 litteras
372 2205 410 2262 ad
431 2207 504 2262 alios
524 2206 637 2262 iudices
664 2207 832 2278 impetravit
881 2219 927 2261 ras
947 2222 1006 2262 nou
1026 2204 1160 2273 ostendit,
1183 2205 1403 2261 excusationem
1418 2221 1472 2260 uon

240 2311 268 2360 et
289 2302 370 2358 dedit
391 2319 438 2359 eas
458 2301 607 2359 iudicibus
629 2301 778 2375 delegatis,
803 2311 831 2358 et
880 2303 982 2372 habet,
1010 2303 1036 2358 si
1059 2317 1126 2358 vero
1146 2301 1253 2357 iudicis
1276 2302 1396 2372 copiam
1418 2319 1471 2358 non

241 2402 324 2470 tecit,
353 2407 385 2456 ut
412 2401 550 2457 citaretur
570 2402 749 2472 appellator3
777 2401 829 2456 ille
879 2400 998 2469 habuit,
1019 2399 1175 2456 necessitas
1196 2415 1261 2454 eum
1282 2407 1416 2455 excusat.
1522 2451 1523 2464 ,

239 2515 307 2554 vero
329 2496 445 2566 obiecit,
468 2513 498 2554 se
518 2498 628 2569 priores
649 2499 760 2554 litteras
778 2497 829 2553 ha-

239 2596 323 2664 bere,
355 2595 391 2650 dc
421 2595 527 2667 quibus
553 2596 585 2650 in
612 2595 821 2666 posterioribus
847 2595 954 2650 mentio
983 2610 1040 2651 non
1068 2592 1170 2663 tiebat,
1202 2597 1230 2646 et
1256 2591 1300 2647 ita
1327 2591 1470 2650 iudicium

238 2692 465 2764 subterfugiebat
478 2699 507 2747 et
526 2708 638 2763 semper
659 2709 717 2748 rem
737 2692 913 2765 possidebat.
949 2692 1040 2763 Super
1052 2693 1107 2746 hoc
1121 2689 1268 2746 consultus
1282 2691 1472 2761 Apostolicus

238 2789 402 2861 respoudit:
432 2789 667 2860 distinguendum
694 2797 754 2858 est,
781 2797 878 2846 utrum
906 2789 973 2845 dolo
999 2790 1048 2844 vel
1074 2786 1250 2860 negligentia
1275 2791 1472 2857 praetermisit

240 2887 281 2942 uti
301 2887 407 2942 litteris
428 2887 649 2954 commissionis,
671 2887 797 2957 anquis
818 2886 945 2959 delegati
964 2884 1070 2942 indicis
1090 2886 1204 2954 copiam
1225 2883 1334 2940 habere
1356 2887 1469 2957 nequit;

237 3001 303 3040 nam
323 2984 415 3056 priori
436 2999 503 3039 casn
523 2999 582 3038 uon
601 2989 695 3054 potest
715 2985 856 3051 excusari,
877 2985 966 3040 immo
985 2980 1158 3054 respondere
1172 2987 1295 3050 wnetur,
1317 2981 1374 3038 sed
1387 2983 1470 3038 habet

237 3083 466 3150 excusationem,
487 3095 541 3137 uec
560 3086 656 3153 potest
674 3095 728 3152 per
746 3082 918 3152 posteriores
938 3081 1049 3137 litteras
1071 3078 1231 3136 conveniri.

582 3278 621 3346 C.
642 3281 672 3348 8.
715 3285 766 3343 Ad
784 3284 857 3344 baec
878 3302 947 3344 cum
968 3286 1047 3344 inter
1067 3291 1120 3344 cto.

276 3439 365 3494 Casus
387 3437 456 3494 satis
483 3445 526 3498 est
551 3439 674 3510 plauua3
701 3444 825 3494 ceterum
914 3437 1100 3494 Aiudicibus
1114 3436 1170 3493 tibi
1184 3435 1326 3510 delegatis
1340 3438 1469 3509 quando·
1522 3475 1523 3522 ζ

235 3535 357 3591 varietas
385 3535 585 3592 mandatorum
611 3537 689 3592 hunc
715 3535 825 3606 episco-
876 3551 931 3607 que
953 3536 1007 3591 tibi
1027 3535 1220 3607 praecipitur,
1242 3539 1275 3588 ut
1296 3541 1394 3589 certas
1408 3551 1468 3605 per·

234 3650 304 3704 pum
324 3633 355 3686 in
376 3631 586 3688 dubitationem
606 3633 732 3688 induxit.
765 3633 825 3688 Sta·
875 3649 959 3688 sonas
972 3639 1037 3688 tuae
1051 3631 1206 3704 parochiae
1222 3633 1467 3698 excommunices,

234 3737 281 3785 tur
301 3736 396 3784 autem
416 3729 466 3785 hic
490 3729 623 3785 secundis
651 3731 771 3798 litteris,
800 3731 825 3785 si
875 3729 1116 3786 excommunicati
1130 3743 1198 3783 vero
1213 3726 1250 3782 ad
1265 3727 1340 3783 alios
1356 3729 1467 3784 iudices

235 3834 329 3882 tamen
356 3843 414 3884 non
436 3827 494 3882 sint
515 3826 648 3884 obtentae
669 3829 757 3883 tacita
777 3841 825 3884 ve·
876 3843 962 3898 snper
983 3825 1083 3882 eodem
1103 3827 1218 3897 negotio
1241 3823 1355 3880 litteras
1379 3827 1468 3896 impe·

235 3924 334 3992 ritate,
363 3929 462 3978 contra
488 3923 537 3991 id,
566 3923 644 3996 quod
672 3932 714 3978 est
737 3940 826 3995 supra
875 3929 960 3990 trant,
983 3921 1120 3997 aquibus
1136 3919 1284 3978 iudicibus
1307 3922 1366 3977 tibi
1387 3939 1468 3994 prae-

235 4019 299 4076 eod.
327 4019 449 4075 Ceteram
477 4017 517 4093 (o.
535 4014 579 4093 3).
619 4020 823 4076 Verumtamen
875 4021 995 4091 cipitur,
1017 4027 1049 4074 ut
1069 4017 1232 4090 praedictos
1251 4016 1362 4074 habeas
1386 4019 1468 4074 abso-

233 4118 328 4188 prima
358 4123 387 4172 et
417 4115 543 4172 secunda
572 4117 737 4173 commissio
765 4133 823 4172 non
874 4119 967 4186 lutos3
982 4131 1140 4188 superquo
1154 4129 1222 4170 casu
1237 4113 1388 4170 dubitanti
1403 4115 1467 4182 tibi,

233 4221 300 4270 snut
320 4214 434 4286 penitus
457 4228 543 4283 super
563 4211 665 4268 eodem
684 4213 822 4285 capitulo,
874 4213 947 4286 quid
968 4229 1050 4286 agas,
1072 4211 1293 4284 respondemus,
1316 4219 1349 4266 nt
1367 4227 1418 4268 eos
1431 4213 1467 4266 ad

234 4311 304 4382 quia
316 4311 348 4365 iu
366 4310 458 4382 priori
479 4309 679 4366 commissione
701 4309 824 4366 dabatur
873 4310 1041 4368 mandatum
1060 4312 1188 4377 illorum,
1209 4307 1268 4364 nisi
1283 4309 1402 4366 litterae
1415 4312 1467 4364 im·

236 4562 260 4635 ⁷)
281 4561 347 4616 (iod.
367 4559 442 4616 Mon.
461 4579 509 4630 pro
527 4564 576 4618 ets
591 4565 672 4620 habet
689 4581 744 4628 aec,
763 4571 843 4634 atque
861 4563 962 4616 debeant
979 4565 1038 4618 loco
1056 4565 1149 4617 debeas.
