3062 5174
331 204 348 226 “
446 213 564 272 OASUS
597 213 884 272 DEORE'PALIUM.

490 501 846 570 &mmmm

85 645 143 699 Isti
170 644 309 715 petebant
340 643 498 700 divortium
530 643 642 700 duabus
734 644 858 713 Quidam
879 653 945 716 post
966 646 1114 716 sponsalia
1135 651 1283 702 eontracta

38 739 81 796 de
121 742 238 810 causis,
277 743 340 796 scil.
376 741 488 796 ratione
522 742 642 796 minoris
692 749 795 813 petunt
809 744 946 813 separari,
963 745 1120 816 allegantes
1136 749 1196 798 tum
1208 750 1283 798 aeta·
1344 799 1347 812 ,

36 839 152 894 aetatis
187 845 216 893 et
248 839 358 895 ratione
390 839 549 893 violentiae
584 838 642 892 sibi
692 845 749 894 tem
771 841 920 907 minorem,
943 848 1002 894 tum
1024 847 1139 908 metum,
1163 839 1199 894 tie
1221 840 1284 911 qui-

36 936 168 1005 illatas-;
197 933 248 990 sed
274 936 371 1006 prima
391 936 464 991 ratio
486 933 642 990 tollebatur
691 933 746 991 bus
762 921 977 1007 respondemus,
995 937 1073 1008 quod
1087 944 1178 993 metus
1190 939 1282 992 iustus

37 1049 99 1104 per
121 1034 246 1102 coitum,
275 1033 325 1104 qui
346 1033 537 1088 intervenisse
564 1033 641 1088 dice·
692 1034 853 1106 quamlibet
873 1042 995 1089 aetatem
1023 1042 1158 1103 excusat3
1186 1033 1237 1089 sed
1259 1032 1283 1090 si

39 1132 150 1198 batur,
179 1129 307 1185 secunda
334 1129 449 1201 penitus
470 1130 639 1202 negabatur.
690 1131 778 1185 aetati
798 1131 840 1186 ita
860 1132 988 1201 proximi
1016 1132 1139 1200 luerint,
1168 1138 1201 1186 ut
1222 1147 1283 1186 car-

43 1228 131 1282 Dicit
158 1242 224 1299 ergo
253 1227 456 1297 Apostolicns,
489 1226 583 1298 quod,
615 1228 640 1281 si
690 1228 795 1283 naliter
809 1229 921 1298 possint
935 1229 1124 1298 commisceri,
1145 1245 1209 1284 cum
1224 1244 1283 1282 ma-

43 1326 143 1380 coitus
166 1325 370 1392 intervenerit,
393 1339 449 1379 non
473 1331 539 1378 sunt
560 1339 639 1394 sepa·
689 1324 903 1381 litia-aetatem
931 1327 1081 1396 suppleat,
1108 1342 1166 1381 non
1186 1332 1282 1397 potest

43 1421 136 1478 randi
163 1422 275 1478 ratione
302 1421 422 1476 minoris
450 1422 561 1489 astatis,
588 1419 641 1476 ssd
691 1435 739 1478 eos
757 1429 839 1478 astas
860 1439 1008 1479 excusare.

43 1520 160 1576 ratione
187 1517 361 1584 violentiae,
398 1519 422 1572 ai
446 1516 532 1574 modo
548 1513 574 1589 ⁸)
603 1517 639 1572 tle

42 1633 81 1673 ιι
104 1622 263 1684 constaret,
284 1621 407 1685 possunt
427 1615 569 1686 separari,
592 1616 788 1686 cuiuscunque
809 1618 911 1672 aetatis
929 1624 1031 1672 essent.
1070 1614 1126 1680 sed
1146 1631 1221 1688 pone
1234 1613 1283 1690 ¹⁰),

42 1716 178 1785 aliquem
200 1713 380 1782 compulsum
402 1713 503 1768 timore
525 1713 624 1767 mortis
646 1713 777 1784 accipere
802 1712 945 1784 quandam
968 1720 995 1768 et
1015 1719 1116 1783 postea
1137 1729 1199 1770 eam
1221 1729 1282 1770 car-

43 1813 154 1866 naliter
183 1810 366 1882 cognovisse3
395 1811 538 1880 poteritne
568 1807 725 1864 divortium
752 1809 915 1879 postulare,
944 1824 1010 1863 cum
1031 1809 1164 1864 videatur
1185 1810 1283 1866 subse·

44 1909 149 1979 quenti
170 1907 247 1962 coitu
270 1897 468 1962 consensisse?
510 1905 612 1976 Resp.:
643 1914 692 1961 aut
712 1906 823 1962 coactio
845 1906 977 1961 adhibita
997 1913 1040 1960 est
1061 1908 1091 1960 in
1113 1909 1281 1978 acceptione

45 2014 75 2060 et
96 2006 128 2059 iu
151 2005 237 2072 coitu,
261 2011 309 2060 aut
330 2005 360 2057 in
383 2003 551 2074 acceptione
572 2008 692 2058 tantum.
735 2004 768 2058 Iu
789 2005 883 2074 primo
905 2019 973 2058 casu
994 2005 1102 2074 poterit
1124 2005 1281 2060 divortium

43 2103 211 2174 postulare,
240 2117 306 2154 nam
328 2101 420 2156 coitus
441 2101 471 2153 vi
494 2101 569 2170 eripi
589 2107 684 2172 potest
705 2107 762 2156 tam
783 2101 814 2154 in
837 2101 899 2155 viro
921 2115 1007 2170 quam
1028 2101 1060 2154 in
1081 2101 1219 2170 muliere,
1242 2117 1282 2157 ar.

43 2201 124 2254 inira
146 2201 176 2254 C.
192 2197 316 2254 XXXII.
340 2192 421 2270 qu.5
442 2197 597 2252 Lucretiam
620 2195 658 2268 (c.
674 2192 702 2254 4.
724 2195 799 2272 81),
822 2198 867 2252 Ad
886 2199 974 2252 Deam
994 2194 1034 2268 (c.
1050 2192 1100 2270 7);
1122 2213 1161 2252 ar.
1185 2204 1285 2254 contra

43 2298 126 2352 inira
147 2296 182 2352 de
204 2311 247 2364 eo,
270 2295 322 2366 qni
342 2294 411 2350 dux.
430 2295 461 2348 in
476 2301 557 2350 matr.
580 2309 603 2350 c.
620 2288 647 2352 2.
681 2295 813 2351 Secundo
828 2311 897 2350 casu
912 2290 999 2371 [non]
1014 2301 1118 2366 potest,
1140 2295 1283 2350 adinstar

44 2396 119 2462 eius,
141 2392 220 2466 quoti
241 2391 349 2448 dicitur
369 2391 405 2447 de
427 2407 460 2446 eo
482 2393 533 2462 qui
555 2392 721 2462 compulsus
743 2393 798 2447 fnit
818 2394 985 2462 promittere
1007 2399 1035 2446 et
1055 2393 1153 2460 solvit,
1176 2391 1281 2447 ubidi-

44 2492 219 2563 stinguitur,
247 2506 284 2544 an
305 2489 361 2544 init
381 2491 466 2545 illata
486 2489 531 2542 vis
552 2489 583 2542 in
606 2489 796 2560 promissione
818 2497 846 2543 et
865 2489 897 2542 in
918 2489 1079 2556 solutione,
1106 2505 1143 2544 an
1164 2490 1195 2544 in
1216 2505 1281 2560 pro-

43 2587 183 2643 missione
204 2593 332 2658 tantum;
354 2601 421 2640 nam
442 2587 534 2656 priori
557 2601 623 2640 casu
644 2586 751 2655 poterit
771 2592 913 2656 repetere,
935 2585 1061 2641 secundo
1083 2600 1279 2658 nequaquam,

43 2691 79 2738 ut
100 2682 168 2739 (lod.
191 2682 270 2754 quod
291 2689 383 2738 metus
404 2697 490 2738 causa
510 2683 543 2740 L.
558 2677 578 2740 2
599 2689 627 2737 et
643 2683 707 2755 Dig.
730 2682 767 2737 de
782 2682 866 2738 cond.
882 2682 920 2737 ob
935 2688 1010 2754 turp.
1027 2698 1103 2738 cans.
1120 2683 1151 2738 L.
1168 2682 1280 2752 penult.

46 2781 119 2836 Item
139 2795 232 2850 pone,
260 2780 347 2835 istum
367 2795 420 2851 per
441 2780 501 2834 vim
522 2779 668 2849 accepisse
688 2779 827 2845 Mariam,
853 2786 880 2834 ιι
900 2795 953 2849 per
973 2780 1033 2834 vim
1054 2780 1181 2847 iurasse,
1204 2777 1282 2850 quod

47 2877 76 2933 ei
98 2877 251 2933 carnaliter
271 2879 428 2950 iungentur
449 2871 554 2949 (sic!)‚
577 2875 628 2931 sed
648 2883 749 2946 postea
766 2877 867 2931 timore
881 2877 1036 2932 iuramenti
1051 2876 1187 2946 cognovit
1202 2887 1281 2944 eam3

47 2973 190 3045 numquid
215 2973 280 3045 ipse
309 2975 420 3030 ratione
447 2972 606 3028 violentiae
638 2973 744 3043 poterit
775 2971 931 3029 divortium
961 2966 1130 3044 postulare?
1178 2971 1281 3042 Resp.:

49 3086 117 3137 non,
139 3071 285 3142 quianon
308 3069 459 3126 tenebatur
481 3085 517 3126 ex
537 3070 590 3125 illo
612 3071 791 3138 iuramento,
813 3086 853 3124 ar.
877 3071 908 3125 C.
922 3069 1016 3126 XXII.
1041 3065 1124 3140 qui
1150 3070 1183 3124 la
1203 3071 1282 3124 molis

50 3164 90 3238 (c.
103 3162 144 3240 5),
166 3183 219 3222 neo
239 3174 281 3222 est
295 3166 477 3222 observantia
489 3166 628 3223 dilllnitio
643 3167 731 3222 tribet
744 3161 852 3240 (sio!);
876 3183 942 3221 nam
958 3183 1021 3221 oum
1038 3183 1095 3222 non
1111 3168 1283 3222 consentiret

50 3265 82 3318 in
104 3279 173 3333 eam,
195 3265 288 3320 coitus
310 3265 362 3320 ille
384 3273 445 3320 erat
464 3263 585 3318 mortale
605 3271 764 3334 peccatum,
787 3271 816 3319 et
835 3261 901 3319 ideo
920 3264 1038 3334 impune
1058 3271 1171 3334 poterat
1184 3266 1283 3319 venire

52 3365 150 3415 contra
170 3360 372 3428 iuramentum,
394 3367 535 3431 utsupra
557 3359 592 3416 de
612 3358 731 3416 iureiur.
754 3361 787 3416 Si
807 3377 869 3416 vero
890 3362 990 3434 aliquis
1011 3357 1050 3433 (o.
1065 3356 1109 3434 4).

446 3549 485 3617 0.
509 3552 558 3619 13.
601 3558 812 3616 Aesaeaatoms
832 3563 885 3618 ear.

92 3690 177 3746 Casas
191 3705 227 3746 ex
241 3691 339 3747 littera
351 3692 439 3762 plane
455 3689 588 3748 habetur.
600 3721 640 3734 -
729 3693 785 3749 Per
805 3689 893 3767 (sici)
915 3695 1111 3749 attestationes
1123 3709 1140 3747 ι
1155 3700 1181 3748 ιι
1195 3693 1281 3749 nobis

50 3789 77 3843 ιι·
94 3790 185 3843 molier
207 3805 262 3861 per
290 3789 399 3844 idoneos
422 3798 502 3846 testea
518 3787 639 3861 psalm
689 3790 790 3845 mIssas
813 3789 1029 3861 respondemus,
1053 3790 1130 3862 quod
1153 3789 1187 3844 ll.
1209 3807 1282 3847 non·

49 3887 210 3957 nequiverit:
230 3885 380 3958 Numquid
394 3888 498 3946 mulier
512 3885 636 3958 probare
689 3885 757 3944 dum
767 3885 936 3943 duodennus
946 3882 1029 3961 (sici)
1041 3903 1107 3944 oum
1115 3886 1150 3944 G.
1159 3889 1280 3944 muliere

50 3974 192 4038 debebati
226 3981 329 4053 Resp.:
349 3983 461 4055 ntique,
483 3985 554 4056 quia
573 3997 638 4056 ago·
688 3984 832 4040 contraxit
860 3990 888 4040 et
914 3985 996 4040 nisus
1024 3991 1067 4040 ost
1083 3981 1122 4058 ¹¹)
1150 4001 1213 4041 eam
1234 4001 1282 4040 oo·

50 4079 108 4146 bat,
127 4079 257 4151 alioquin
277 4080 471 4136 iuramentum
491 4088 553 4138 erat
572 4083 637 4138 viro
688 4095 834 4152 gnoscere,
855 4083 925 4138 licet
946 4089 1067 4154 utroque
1088 4083 1195 4138 latente
1213 4083 1280 4152 ipsa

52 4175 250 4245 deferendum
286 4176 403 4233 videtur
431 4184 522 4232 contr.
550 4195 637 4251 supra
688 4179 770 4252 virgo
791 4180 930 4248 evaserit,
953 4186 1066 4234 stante
1088 4195 1194 4234 annum
1208 4179 1279 4236 xlv

52 4271 87 4326 de
106 4273 224 4330 testibus
247 4273 312 4328 Oeen
332 4273 367 4328 Α.
388 4270 430 4344 (ι.
445 4268 495 4347 6),
519 4275 637 4331 Onusam
687 4275 723 4332 ab
746 4276 933 4344 successsit,
961 4291 1035 4346 quae
1061 4289 1139 4330 nunc
1160 4291 1225 4330 eum
1247 4277 1277 4330 in

51 4366 88 4442 (c.
103 4365 167 4442 10),
198 4369 250 4426 sed
280 4371 478 4426 attestationes
505 4371 636 4428 nondam
686 4373 782 4428 virum
809 4375 928 4444 repetit,
960 4374 991 4428 in
1019 4385 1078 4444 qua
1104 4387 1192 4428 causa
1222 4373 1280 4428 tibi

51 4571 75 4636 ⁸)
88 4568 149 4624 Coti
160 4569 190 4623 ri.
242 4569 266 4636 ⁸)
278 4567 311 4626 In
325 4568 392 4628 cru
403 4575 435 4626 aio
446 4573 533 4640 (aaa)
544 4574 605 4628 loco
616 4585 662 4628 ma.
717 4575 751 4644 ¹⁹)
765 4573 831 4628 (lod.
838 4592 909 4642 pena.
964 4575 998 4642 ¹¹)
1012 4573 1079 4630 cod.
1096 4576 1177 4634 habet
1188 4591 1278 4630 ιιιιιιιι.
