3062 5174
215 230 276 298 sot
541 239 592 295 on
622 237 752 310 sunto.
785 241 1110 302 constituero.
1167 213 1172 228 ’

573 641 624 720 G.
672 640 839 725 tillidi
878 643 930 726 liii
966 643 1091 728 liltll

396 845 421 913 1.
464 845 503 912 iu
531 843 704 929 praelat.
736 841 798 932 §2
825 839 1114 946 hedos-odientibus
1138 855 1203 919 otc.
1225 845 1251 926 9)

370 1020 409 1075 At
431 1021 500 1092 quia
521 1021 678 1076 voluminis
699 1020 785 1076 huius
808 1023 1041 1093 compilationem
1068 1031 1286 1096 praecesserunt
1308 1028 1454 1097 compila-

215 1120 308 1174 tiones
330 1119 421 1186 aliae,
437 1156 445 1173 .
461 1157 488 1172 ..
510 1133 567 1173 nnn
590 1119 682 1174 solum
705 1135 768 1187 eos,
791 1121 843 1190 qui
863 1120 938 1174 hanc
959 1121 1018 1175 suis
1040 1123 1165 1192 scriptis,
1187 1121 1330 1179 sedilios
1353 1125 1454 1192 etiam,

216 1218 266 1289 qui
287 1216 355 1270 illes
376 1217 568 1284 illustrarunt,
590 1216 750 1285 referimus,
775 1223 886 1272 utrem
907 1217 982 1273 hauc
1002 1234 1205 1290 pernoscamus
1227 1235 1318 1292 usqua
1339 1221 1383 1276 ad
1406 1239 1455 1276 sua

215 1313 376 1384 cunabula,
404 1320 447 1382 et,
470 1313 548 1384 quod
568 1313 737 1385 philosophi
759 1314 855 1369 dicere
876 1315 978 1382 solent,
1004 1331 1095 1387 usque
1117 1315 1154 1370 ad
1175 1317 1325 1372 elementa.
1369 1320 1456 1374 Anti-

215 1427 336 1482 quarum
364 1427 431 1482 ergo
460 1413 700 1482 compilationum
731 1418 968 1468 commentatores
995 1414 1111 1468 fuerunt
1138 1413 1354 1470 Beruardus
1386 1417 1454 1470 Pa·

213 1509 382 1579 piensis,
404 1509 562 1564 Ioannes
585 1507 764 1564 Gelensis
785 1510 1034 1578 Vulteranus,
1059 1510 1276 1568 Beruardus
1299 1513 1453 1584 Compo-

215 1606 421 1674 stellauus,
449 1607 500 1677 qui
528 1605 635 1661 dieitur
661 1607 797 1678 antiquus
819 1615 937 1678 propter
957 1622 1080 1676 novum,
1110 1607 1145 1662 de
1174 1623 1230 1680 quo
1258 1609 1450 1678 submittitur,

214 1702 387 1771 Rufinus,
410 1701 605 1772 Silvester,
627 1703 853 1772 Richardus,
875 1703 1075 1774 Rodeicus,
1097 1705 1449 1777 PetrusHispanus‚
1515 1729 1516 1768 t

214 1800 448 1856 Bartrandus
478 1795 586 1873 (sici),
622 1800 823 1856 Damascus
855 1796 964 1875 (sici),
1000 1803 1163 1870 Alanus,
1198 1804 1448 1871 Laurentius,
1515 1841 1516 1858 .

213 1898 459 1965 Vincentius,
488 1897 648 1952 Ioannes
671 1898 946 1970 Theutonicus,
974 1899 1206 1968 Taucredus,
1229 1899 1448 1956 Guilelmus

212 1994 309 2050 Naso
331 2002 359 2050 et
379 1994 541 2050 Iacobus
563 1993 605 2051 de
625 1995 815 2067 Albeuga3
844 2004 871 2051 et
899 2012 997 2052 eorum
1024 1997 1132 2068 scripta
1159 2004 1188 2052 et
1215 1998 1288 2052 forte
1310 1998 1446 2064 aliorum,
1515 2013 1516 2102 p

213 2107 334 2164 quorum
362 2093 532 2164 ignorantur
564 2093 696 2161 nomino,
725 2093 888 2148 Bernartius
913 2095 1052 2167 colligens
1078 2094 1249 2164 compilavit
1276 2102 1448 2166 apparatum
1515 2109 1516 2182 p

213 2205 263 2244 seu
284 2190 409 2263 glossas,
438 2204 512 2260 quae
533 2191 625 2244 textui
646 2190 732 2244 huius
753 2191 968 2262 compilationis
989 2198 1056 2246 suut
1077 2192 1234 2262 appositae.
1277 2192 1340 2246 Hoc
1361 2193 1447 2245 etism

213 2290 300 2343 ferme
322 2296 458 2360 tempore,
480 2303 537 2358 quo
558 2288 621 2357 ipse
636 2288 799 2342 Bernartius
821 2290 946 2358 scripsit,
969 2288 1145 2358 seripserunt
1165 2296 1193 2343 et
1213 2289 1266 2344 alii
1288 2303 1377 2359 super
1395 2289 1448 2342 hac

212 2386 428 2457 compilatione,
451 2383 668 2452 Goifredus,
694 2385 911 2457 Philippus,
933 2386 1191 2454 Innocentius,
1213 2386 1445 2452 Hosticum,
1515 2421 1516 2486 p

212 2485 346 2539 Petrus
368 2481 410 2538 de
433 2485 600 2538 Sansona
621 2475 725 2556 (slei),
753 2482 896 2550 Abbas,
926 2482 1143 2538 Bernartius
1166 2483 1448 2553 compostella·

211 2597 288 2649 nus,
312 2583 362 2652 qui
384 2587 495 2636 tentum
517 2581 634 2650 scripsit
655 2594 741 2650 super
762 2587 838 2635 certa
859 2588 940 2650 parte
960 2579 1031 2636 libri
1056 2581 1161 2652 primi3
1190 2580 1308 2650 scripsit
1329 2580 1448 2650 insuper
1515 2641 1516 2646 η

210 2677 369 2749 Egidius
404 2677 681 2745 Bononiensis,
718 2676 938 2750 Bouaguida
972 2677 1175 2745 Aretiuus,
1213 2678 1445 2732 Francisour

210 2773 476 2831 vercellensis
497 2781 550 2831 ιιι.
573 2782 627 2830 ιιι.

260 2996 289 3064 2.
339 2999 386 3065 cd
414 2997 529 3082 epist.
558 2995 740 3080 Gregorii
765 2993 858 3066 Rem
880 2990 1063 3092 paceficos
1085 3002 1150 3068 etc.
1173 2991 1247 3082 §to
1279 2991 1396 3064 Sarac.

363 3173 467 3229 Postea
492 3189 545 3244 per
572 3189 697 3228 summos
725 3171 875 3243 pontifices
904 3177 932 3226 ιι
960 3170 1033 3226 alios
1059 3177 1155 3242 patres
1182 3171 1213 3224 iu
1235 3169 1390 3238 conciliis,
1419 3175 1444 3222 et

209 3276 291 3325 extra
321 3271 447 3326 eoncilia
476 3285 529 3341 per
560 3286 684 3326 summos
715 3269 865 3340 pontifices
895 3268 1095 3340 promulgatae
1126 3274 1193 3322 sunt
1223 3267 1443 3322 constitutiones

209 3383 259 3423 seu
280 3383 415 3436 canones,
438 3383 475 3423 ex
496 3367 602 3440 quibus
624 3367 739 3424 luerunt
758 3367 835 3422 facta
855 3365 938 3419 varia
958 3365 1124 3433 volumina3
1151 3364 1264 3420 tandem
1288 3363 1443 3419 Gratianus

209 3465 277 3520 iecit
304 3465 438 3520 volumen
468 3463 655 3520 decretorum.
697 3463 753 3519 Sed
782 3461 877 3518 adhuc
904 3464 1103 3534 promulgatae
1130 3468 1196 3516 sunt
1223 3461 1442 3517 constitutiones

207 3562 283 3616 aliae
304 3569 332 3617 et
353 3562 510 3617 decretales
532 3563 685 3632 epistolae,
710 3577 746 3617 ex
767 3559 874 3632 quibus
895 3561 1057 3616 factasunt
1079 3559 1194 3615 diversa
1216 3559 1387 3626 volumina,
1410 3557 1443 3612 de

209 3658 314 3729 quibus
334 3660 383 3714 lric
405 3661 435 3714 iit
455 3660 580 3728 mentio;
608 3667 636 3714 et
662 3665 727 3714 ante
753 3659 830 3714 liano
851 3658 1087 3727 compilationem
1113 3659 1229 3712 fuerunt
1253 3655 1282 3708 V
1304 3657 1443 3727 compila-

208 3756 300 3811 tiones
328 3757 513 3827 approbntae.
554 3756 626 3812 Nam
649 3754 864 3812 Bernartius
887 3754 1093 3825 Papiensis
1114 3752 1313 3825 praepositus,
1343 3762 1443 3823 postea

209 3855 361 3924 episcopus
379 3855 447 3909 fecit
461 3855 585 3924 primam
601 3853 846 3925 compilationem,
864 3851 1005 3922 quaedam
1020 3851 1141 3921 antiqua
1154 3851 1219 3904 iura
1233 3849 1442 3904 interserendo.
1515 3915 1516 3936 Χ

206 3949 276 4005 Post
296 3951 378 4004 illam
400 3952 475 4005 aliae
497 3949 654 4006 decretales
676 3949 713 4005 ab
736 3951 802 4005 aliis
823 3949 1001 4019 Apostolieis
1024 3951 1244 4013 emanaverunt,
1275 3944 1312 4000 de
1334 3947 1440 4018 quibus

209 4046 428 4102 Gilibertus
450 4049 517 4103 ieoit
539 4049 642 4116 aliam,
663 4049 809 4102 Alanus
831 4046 936 4114 aliam3
967 4045 1071 4100 deinde
1091 4051 1159 4115 post
1179 4045 1258 4113 ipsos
1279 4042 1442 4099 Ioannes

210 4142 388 4200 Galensis
409 4145 477 4201 feeit
496 4161 593 4214 unam,
616 4161 689 4216 quae
710 4145 780 4200 olim
803 4143 953 4200 dicebatur
974 4142 1110 4209 secunda,
1132 4148 1160 4196 et
1181 4140 1334 4196 dicebatur
1349 4141 1443 4211 prima

207 4241 374 4311 compilatio
395 4243 472 4298 liber
492 4242 620 4314 primus,
649 4240 776 4299 secunda
798 4241 875 4298 liber
895 4239 1047 4298 secundus.
1089 4237 1202 4294 Deinde
1223 4237 1443 4292 Beruardus

206 4482 230 4548 ⁹)
249 4482 289 4534 Bx
314 4483 376 4536 edit
395 4482 498 4536 Veneta
521 4481 649 4539 Α.1575.
674 4483 719 4536 iol.
748 4484 793 4546 (oi.
818 4481 945 4536 Saviuius
969 4483 988 4536 1.
1007 4499 1029 4535 ι.
1054 4480 1130 4534 Tem.
1145 4479 1193 4531 VI.
1217 4497 1244 4547 p.
1264 4477 1325 4534 245.
1343 4477 1394 4530 Ed.
1407 4477 1441 4528 11.

206 4551 491 4618 praemonueram
519 4553 610 4606 recudi
633 4554 684 4605 ieci
708 4570 755 4606 eos
777 4553 866 4619 locos,
891 4552 924 4605 ad
943 4569 1011 4620 quos
1032 4568 1110 4619 quam
1132 4550 1292 4617 saepissime
1313 4549 1442 4614 Diplove-

207 4623 320 4681 tacciam
338 4621 417 4674 video
437 4624 593 4675 recurrisse.
