3098 5184
560 251 798 310 outcome.
1148 291 1151 306 ‚
1224 255 1297 313 XIX

91 437 169 494 autem
195 429 375 494 collectionis
402 430 433 492 in
460 429 637 493 bibliotheca
659 427 753 512 Regia
774 427 946 522 llonacensi
967 435 1084 510 praeter
1105 447 1191 508 enm,
1214 433 1297 498 cuins

89 540 231 621 Phillipsius
246 539 287 616 23)
316 542 433 604 iamiam
456 542 635 604 mentionem
656 539 784 618 fecerat,
816 539 879 602 soil.
902 539 973 602 Cod.
996 539 1046 602 lat.
1068 539 1151 606 8302
1172 558 1197 604 s.
1226 541 1297 605 Cod.

88 648 301 732 lton-August.
324 651 360 732 2,
391 659 453 714 tres
486 651 560 714 alios
574 649 614 726 24)
646 667 759 732 eosque
791 647 1043 731 splendidissimos
1073 657 1175 713 extare
1206 650 1297 715 libros

88 761 290 842 manuscriptos,
315 779 353 824 ex
371 761 470 824 Geleb.
486 759 647 841 fbrlngerl,
667 759 744 822 illius
759 759 956 822 bibliothecae
971 757 1121 841 praefecti,
1143 759 1247 825 litteris
1261 761 1298 825 ad

87 889 126 933 me
145 869 211 932 datis
230 871 368 953 percepi3
398 872 496 953 iisque
517 871 662 934 accedunt
682 887 748 932 cum
771 867 906 932 llalensis
928 867 1033 947 codex,
1057 871 1107 951 qui
1128 870 1214 934 nobis
1236 889 1299 935 ser-

85 979 150 1041 ravit
168 977 306 1042 Bernardi
327 999 471 1044 summam
494 988 523 1043 et
544 998 614 1043 mox
635 979 809 1042 accuratiori
831 976 995 1042 subiacebit
1017 978 1215 1062 descriptioni,
1238 988 1298 1044 tum

84 1087 291 1170 friburgensis,
323 1107 410 1170 quem
438 1091 495 1153 iam
518 1090 688 1174 Rieggerus
716 1089 792 1153 filius
814 1089 844 1152 io
864 1089 987 1170 repetita
1008 1088 1147 1154 breviarii
1169 1091 1299 1154 editione

83 1198 210 1275 adhibuit,
239 1215 333 1280 nuper
359 1199 445 1267 henr.
466 1200 618 1268 mannus
648 1199 874 1263 describendum
904 1199 1017 1261 curavit
1030 1200 1089 1279 2⁵),
1116 1217 1205 1281 porro
1232 1198 1299 1262 Ful-

85 1307 171 1370 densis
195 1317 283 1390 atque
306 1309 489 1389 Giessensis,
518 1328 643 1393 quorum
673 1309 804 1372 notitiam
832 1307 966 1375 lllcltcllo
981 1306 1023 1386 ²⁶)
1052 1315 1140 1389 atque
1169 1308 1302 1376 Sculten-

82 1417 171 1499 ltctglc
185 1419 226 1495 2⁷)
249 1419 402 1500 debemus,
425 1421 553 1502 denique
575 1420 750 1500 Bonnensis,
774 1438 841 1482 cum
863 1420 1059 1482 amicissimus
1080 1419 1150 1482 mihi
1172 1418 1300 1486 beetm-

81 1526 139 1607 glos
163 1530 239 1592 inter
268 1529 324 1594 alia
355 1531 426 1594 rarii
455 1531 576 1611 generis
605 1527 752 1613 κειμήλια
780 1529 984 1592 nitidissimum
1015 1529 1167 1610 exemplar
1194 1529 1301 1592 habeat

81 1636 204 1702 breviarii
224 1639 409 1704 Bernardini.
452 1639 496 1702 un
519 1640 601 1715 eius,
624 1657 701 1720 quac
723 1641 807 1720 quasi
829 1639 991 1720 principatu
1011 1636 1132 1713 fruitur,
1161 1639 1301 1722 compila-

81 1747 153 1809 tionis
174 1749 311 1812 undecim
333 1751 407 1812 intra
423 1749 612 1812 Germaniam
634 1749 725 1812 libros
741 1749 967 1828 manuscriptos,
989 1765 1087 1829 neque
1102 1749 1299 1829 posteriorum

82 1856 274 1922 collectionum
297 1867 343 1922 est
365 1859 438 1939 ulla,
467 1860 514 1922 cui
543 1877 603 1922 non
624 1859 717 1942 possit
738 1859 802 1922 sine
824 1865 993 1922 exterorum
1015 1857 1129 1922 auxiliis
1151 1875 1228 1921 nova
1250 1848 1301 1921 adss

80 1965 160 2030 hiberi
181 1976 230 2032 aut
253 1987 324 2032 cura
347 1977 396 2032 aut
417 1969 541 2032 medela.
586 1969 645 2033 Sed
667 1975 713 2048 et,
740 1967 890 2049 quamvis,
913 1985 989 2048 quae
1010 1985 1028 2030 a
1050 1985 1097 2029 me
1119 1968 1183 2048 ipso
1204 1967 1300 2031 factae

81 2083 134 2138 sunt
152 2079 413 2160 investigationes,
443 2079 514 2142 alias
544 2096 597 2160 pro
627 2079 754 2141 maxima
783 2083 864 2159 parte
893 2077 971 2140 haud
997 2075 1200 2156 frustraneae,
1225 2075 1302 2140 hanc

81 2202 149 2263 spem
170 2187 255 2250 valde
285 2189 458 2264 minuerint,
486 2196 585 2250 tamen
615 2205 674 2250 non
702 2187 918 2268 desperandum
947 2185 1078 2265 videtur,
1109 2205 1147 2249 ex
1167 2186 1301 2250 ulteriori

76 2291 304 2366 ,Germanicarum
342 2297 585 2362 bibliothecarum
620 2299 853 2380 perscrutatione
891 2297 991 2379 plures
1026 2295 1193 2377 prodituros
1228 2315 1299 2360 esse

81 2401 150 2468 buius
172 2409 297 2488 generis
326 2409 455 2471 codices.
498 2408 598 2470 Alacri
628 2408 729 2488 itaque
759 2408 856 2470 animo
884 2408 961 2470 inter
987 2413 1135 2470 nostrates
1156 2407 1302 2468 iuniorum

80 2515 132 2592 quis
151 2516 257 2580 subeat
287 2535 379 2599 opus,
409 2518 487 2599 quod
516 2517 602 2580 nobis
634 2515 841 2598 imperfectum
870 2515 1004 2579 relictum
1025 2523 1071 2579 est
1092 2535 1109 2579 a
1131 2517 1301 2580 maioribus.

80 2625 197 2687 atvero
219 2644 317 2689 novus
339 2627 444 2708 editor,
478 2627 610 2709 quisquis
632 2625 729 2706 fuerit,
759 2631 789 2690 in
811 2625 933 2689 edendis
953 2627 1024 2708 ipsis
1048 2626 1301 2708 compilationibus
1416 2701 1421 2716 Ι

81 2750 110 2793 ne
138 2735 285 2800 subsistat.
329 2735 444 2800 Etenim
474 2738 568 2802 maior
598 2755 666 2818 pars
695 2737 829 2800 codicum
859 2737 945 2800 nobis
975 2737 1161 2819 superstitum
1187 2736 1304 2818 glossas

81 2841 182 2907 exhibet
204 2854 254 2908 ant
276 2847 483 2910 interlineares
506 2853 555 2908 aut
576 2847 755 2928 marginales
769 2845 830 2924 ²⁸tp
861 2865 960 2928 neque
989 2848 1112 2928 desunt,
1135 2845 1231 2921 unde,
1254 2845 1303 2927 qui

81 2951 118 3012 rel
136 2962 199 3034 post
221 2955 427 3038 Gregorianae
449 2957 577 3020 emissae
598 2957 806 3040 glossataeque
826 2963 960 3038 tempora
984 2957 1089 3020 eadem
1111 2964 1199 3038 atque
1220 2955 1303 3036 ipsae

22 3063 23 3134 j
81 3064 290 3144 compilationes
311 3065 484 3132 fruebantur
505 3068 677 3131 auctoritate
692 3065 735 3144 ²⁹)
765 3066 933 3149 glossarum
961 3074 1131 3150 apparatus,
1160 3063 1305 3132 feneredl

107 3393 137 3460 ²³)
156 3395 195 3449 Of.
216 3397 306 3451 eiusd.
326 3395 522 3451 Kirchenrecht
541 3398 560 3450 1.
573 3412 596 3450 c.
610 3415 636 3465 p.
649 3397 710 3453 234.
724 3405 779 3450 not.
791 3397 834 3454 37.

107 3481 136 3547 ²⁴)
153 3483 254 3538 Eorum
277 3485 408 3552 speciales
426 3487 577 3552 signatores
598 3485 694 3538 addere
712 3485 779 3538 mihi
798 3485 874 3552 licet,
894 3485 967 3538 scih:
987 3483 1054 3538 eod.
1064 3480 1132 3537 Fris.
1154 3483 1212 3553 152,
1230 3483 1303 3551 Aug.

154 3571 219 3625 eccl.
241 3569 309 3636 179,
330 3571 485 3624 luderstorf.
504 3571 546 3626 30.

107 3653 137 3719 ²⁵)
155 3655 193 3710 Cf.
212 3657 442 3711 Praestantiorum
461 3659 563 3725 aliquot
581 3657 667 3710 eodo.
688 3657 787 3725 MSS,
814 3659 860 3724 qui
880 3657 1004 3725 Friburgi
1030 3665 1183 3726 servantur,
1208 3659 1242 3710 ad
1264 3661 1304 3710 iu·

153 3745 231 3812 rispr.
250 3747 428 3812 spectantium
448 3747 566 3810 notitiae,
584 3746 730 3798 lectionum
743 3747 770 3796 in
785 3745 858 3797 acad.
872 3741 1193 3798 Alberto-Ludovlciana
1205 3745 1305 3799 haben-

154 3830 247 3884 darum
274 3831 356 3884 indici
376 3833 538 3898 praemissae
563 3831 640 3885 Fasc.
655 3831 691 3884 II.
713 3833 763 3884 sub
782 3829 831 3883 Nr.
845 3829 894 3882 111.
915 3849 942 3898 p·
960 3833 1044 3898 isqq.
1070 3831 1195 3900 Friburgi
1214 3833 1303 3900 Brisg.

158 3915 234 3972 1837.
264 3918 302 3972 4⁰.
664 3935 665 3940 ’

109 3998 138 4066 ²⁸)
156 4002 188 4056 ln
206 4003 436 4072 premeridibus
455 4005 670 4073 Erlangensibus
690 4021 704 4058 a
722 4008 837 4058 Scbnnhlo
856 4005 951 4070 editis,
968 4001 1047 4058 Tem.
1059 4003 1124 4058 XII.
1137 4023 1164 4074 p·
1175 4005 1235 4062 233.

110 4087 140 4152 ²⁷)
158 4089 198 4143 Cf.
219 4091 246 4144 tt
266 4093 290 4143 o.
315 4091 348 4144 de
372 4095 519 4157 Senhcmcrg
544 4091 661 4145 meditat.
688 4089 1072 4160 Fasc.11.rtr.5.p.³72sq.
1098 4099 1124 4146 et
1149 4095 1166 4146 1.
1188 4095 1211 4147 b.
1228 4096 1309 4146 hocbll

158 4193 251 4246 opusc.
271 4181 338 4230 iuris
357 4195 466 4246 canem,
486 4179 598 4233 Giessae
619 4179 701 4245 1771,
720 4195 780 4246 pag.
795 4177 824 4234 11
841 4193 884 4246 sq.

109 4261 257 4327 ”ruarmo
277 4280 390 4317 numero
409 4273 472 4318 sunt
491 4265 574 4318 Codd.
591 4265 734 4331 Halensis,
759 4263 950 4331 Friburgensis
968 4271 1048 4332 atqua
1066 4265 1226 4332 Fuldensis‚
1246 4281 1306 4318 nec·

156 4367 209 4403 non
227 4349 433 4404 Monacenslum
454 4353 521 4417 duo;
546 4353 617 4405 idem
637 4361 663 4406 et
687 4353 719 4405 de
735 4349 863 4404 Chisiano
883 4352 1056 4404 iudicandum
1075 4359 1130 4420 est,
1155 4353 1307 4404 adnotatur-

158 4453 210 4505 que
231 4439 373 4490 al‘bclnero
391 4437 423 4490 de
436 4441 530 4491 maiori
549 4456 641 4492 sorum
660 4445 748 4507 parte,
776 4454 844 4504 quos
858 4439 1071 4492 Britannicarum
1083 4439 1306 4492 bibliothecarum

158 4531 281 4578 recenset
298 4524 384 4578 libros
403 4527 615 4592 manuscriptos,
634 4527 752 4579 alilnmlo
769 4541 833 4577 vero
852 4525 885 4578 de
904 4527 1042 4578 codicibus
1057 4525 1228 4578 Estensihus.

112 4605 142 4674 ”J
160 4608 192 4665 In
209 4613 304 4665 forante
321 4611 425 4665 humore
446 4610 575 4680 Novella,
600 4614 659 4667 Soc.
673 4611 749 4665 XIV.
774 4613 892 4666 ineuntis
917 4619 1036 4681 tempore
1062 4613 1173 4680 scripta,
1198 4614 1306 4680 saepius

1017 4703 1064 4746 Η
1080 4707 1094 4744 2
1340 4703 1343 4706 ’
