3098 5184
261 205 361 264 XXVI
426 243 429 254 ·
747 210 1014 270 Puautnuto

260 384 348 456 (rect.
370 382 487 448 libellus
511 403 589 468 mag.
606 387 765 463 tancredi)
788 395 940 454 corradus
961 405 1015 470 per
1028 387 1287 452 Bmuclnmaenm
1300 387 1391 454 Paris.
1413 390 1489 474 (leg.

258 491 384 569 brix.)“.
427 493 586 568 Quaerenti
607 496 696 578 mihi,
717 517 754 562 an
776 498 851 562 iorte
873 506 974 564 nostra
994 498 1036 562 illi
1057 500 1170 564 inesset
1190 517 1320 578 summa,
1342 498 1489 564 humanis·

257 603 332 665 sime
353 605 653 688 respondimus,
677 610 940 691 Argentoratensis
955 609 1107 672 seminarii
1122 608 1275 690 professor
1289 616 1319 672 et
1332 609 1489 673 bibliothe-

258 713 373 793 carius,
402 715 498 780 addita
517 717 651 782 eiusdem
672 719 739 782 libri
761 719 966 801 designatione
980 719 1040 798 ⁵⁰),
1069 720 1099 782 in
1120 719 1186 799 ipso
1207 719 1352 782 contineri
1372 719 1490 800 quidem

258 821 450 888 decretalium
477 843 637 906 summam,
665 829 721 892 sed
742 829 819 892 hanc
840 831 904 894 eius
934 845 1004 894 esse
1031 827 1195 892 rubricam:
1238 830 1348 908 Incipit
1370 850 1491 894 namma

255 953 346 1012 suaper
359 940 454 998 utalia
467 941 661 1002 decretalium
684 960 705 1002 a
725 945 871 1018 mapinro
885 944 924 1002 Β.
941 960 1026 1018 por.
1049 942 1225 1017 compilata.
1265 938 1350 1012 Quod
1371 939 1491 1019 qudem

255 1060 406 1125 agnomen
427 1045 504 1110 haud
525 1049 651 1112 recurrit
671 1049 708 1112 ad
729 1048 817 1114 linem
839 1067 990 1130 summm,
1019 1048 1068 1112 ubi
1096 1047 1172 1112 haec
1199 1055 1310 1112 tantum
1337 1047 1489 1129 leguntur:

254 1155 389 1232 Ecplicit
410 1177 531 1220 summa
553 1178 634 1238 moy.
656 1161 683 1222 b.
704 1181 793 1238 saper
812 1164 907 1222 titulis
934 1162 1146 1235 demanlium5
1173 1157 1228 1220 sed
1248 1175 1307 1240 quo
1328 1157 1490 1222 disturclio·

254 1280 306 1325 res
328 1283 368 1326 ex
382 1266 443 1328 Viri
465 1268 565 1348 optimi
586 1270 753 1332 testimonio
773 1269 841 1332 illae
856 1276 923 1332 sunt
937 1269 1052 1332 litterae
1062 1289 1144 1346 par,
1165 1267 1276 1330 ueruini
1290 1265 1409 1330 dubium
1423 1269 1489 1348 erit,
1546 1327 1547 1332 ,

256 1373 327 1454 quin
348 1373 499 1456 Papiansis
521 1378 613 1440 nostri
634 1395 695 1440 non
715 1379 753 1441 sit
774 1397 810 1442 ea
833 1395 952 1460 quoque
974 1397 1105 1442 summa:
1147 1378 1310 1440 mecuit
1330 1380 1411 1440 Deua
1431 1381 1489 1440 ho-

253 1492 380 1565 minem,
402 1487 706 1569 compostellanorum
728 1506 800 1551 vero
821 1489 917 1552 neutri
938 1489 1044 1568 poterit
1065 1487 1226 1568 assignari,
1249 1493 1348 1568 utpote
1362 1504 1488 1568 quorum

254 1598 390 1679 antiquus
412 1615 556 1662 summam
580 1598 738 1679 scripsisse
766 1616 910 1679 nusquam
937 1597 1085 1677 tradatur,
1113 1597 1167 1662 sed
1196 1615 1254 1662 nac
1275 1596 1489 1678 Gregoriauam

254 1706 476 1786 collectionem,
498 1727 575 1788 quae
597 1707 639 1772 illi
660 1708 780 1785 subest,
809 1708 920 1772 vidisse
943 1708 1090 1787 videatur,
1113 1707 1235 1770 iunioris
1258 1723 1331 1770 vero
1351 1707 1382 1770 iu
1403 1707 1490 1770 editis

254 1825 284 1880 et
305 1818 420 1899 scriptis
441 1817 523 1881 libris
545 1817 706 1882 habeamus
728 1819 970 1882 commentarium
1005 1819 1049 1880 sic
1080 1817 1287 1897 incipientem:
1325 1820 1488 1896 limetur,

254 1937 288 1989 at
316 1930 427 2007 loquar
454 1947 523 1991 cum
551 1931 677 2005 saaca,
712 1933 922 2006 tprmranttam
949 1948 1050 1991 mama
1078 1932 1229 2007 ipnnraci.
1283 1925 1362 1989 Nihil
1389 1928 1489 2008 itaque

251 2036 397 2117 reliquum
413 2044 468 2115 est,
491 2055 578 2118 quarn
598 2045 629 2100 ut
650 2037 688 2100 ad
706 2037 896 2102 Parmensem
915 2037 1081 2102 reseramus
1102 2054 1171 2100 cum
1192 2035 1322 2102 libellum
1343 2036 1488 2100 hactenus
1544 2097 1547 2122 ,

252 2147 443 2228 incognitum,
468 2165 556 2228 quern
578 2148 609 2210 iu
629 2147 875 2229 Argentoratensi
904 2155 935 2210 et
955 2147 1070 2210 Veneto
1092 2146 1244 2210 codicibus
1264 2152 1423 2224 servatum,
1457 2146 1487 2208 iu
1544 2125 1547 2136 ⁴

251 2255 345 2319 altero
365 2255 407 2318 illi
426 2256 482 2337 ipsi
504 2256 681 2338 adscriptum
701 2256 854 2322 babemus.
905 2257 975 2322 Eius
997 2257 1033 2320 ad
1057 2275 1153 2320 rneam
1175 2256 1318 2320 hactenus
1339 2271 1486 2335 pervene-
1546 2317 1547 2358 ,

249 2373 318 2428 runt
338 2366 469 2429 notitiam
491 2365 614 2430 aliarum
634 2365 876 2432 bibliothecarum
891 2367 957 2430 duo
979 2367 1045 2432 libri
1065 2366 1270 2446 manuscripti,
1292 2381 1367 2448 quos
1383 2364 1414 2428 iu
1428 2363 1487 2428 Re·

250 2478 439 2558 giomontaua
454 2476 495 2554 ⁵¹)
519 2484 621 2540 extare
643 2495 681 2542 ex
701 2477 805 2542 litteris
827 2479 915 2542 didici
938 2477 1039 2542 Celeb.
1063 2475 1198 2555 hacherl,
1221 2477 1270 2558 qui
1291 2475 1333 2538 illi
1352 2481 1488 2556 praeest3

250 2585 305 2650 aed
327 2585 519 2666 proculdubio
541 2588 605 2652 eius
626 2587 727 2669 plures
748 2587 854 2671 reliqui
875 2595 952 2652 suut.
996 2585 1120 2650 Videant
1136 2603 1221 2667 ergo,
1244 2585 1349 2667 quibus
1363 2583 1486 2649 aliarum

250 2701 282 2759 et
302 2703 471 2758 exterarum
498 2695 744 2762 bibliothecarum
770 2705 821 2762 aut
848 2716 919 2762 cura
932 2705 991 2762 est
1019 2697 1193 2760 demandata
1221 2703 1271 2760 aut
1299 2693 1486 2758 visendarum
1542 2675 1544 2684 ¹

249 2803 316 2868 data
337 2805 424 2870 luerit
451 2808 669 2888 opportunitas,
698 2809 755 2873 utri
775 2808 1008 2886 Bernardorum,
1038 2825 1115 2889 quae
1136 2805 1245 2870 inillis
1266 2802 1316 2868 rel
1335 2802 1390 2867 sub
1410 2803 1485 2867 Ber·
1543 2797 1546 2806 ’

249 2915 333 2979 nardi
354 2917 474 2979 nomine
496 2916 544 2978 vel
565 2934 603 2980 eo
623 2935 684 2982 non
704 2917 821 2982 adiecto
843 2918 949 2982 adsunt
969 2935 1103 2982 summae
1125 2913 1325 2993 decretalium,
1348 2913 1406 2976 sint
1420 2914 1485 2978 vin-

249 3024 408 3104 dicandae,
438 3025 516 3106 quod
546 3043 604 3108 quo
633 3029 741 3092 certius
770 3029 863 3110 possit
890 3027 1058 3107 diiudicari,
1089 3024 1266 3090 recentioris
1294 3041 1427 3087 summae
1454 3029 1484 3086 et

248 3135 459 3216 praefationem
481 3143 511 3198 et
531 3137 644 3202 titulum
667 3139 704 3201 de
719 3129 791 3220 reg.
821 3139 875 3202 iur.
905 3137 943 3200 ad
970 3137 1082 3202 codicis
1102 3133 1365 3218 Argentoratensis
1393 3130 1483 3194 fidem

143 3303 148 3320 ,
247 3247 278 3308 in
298 3246 471 3328 Appendice
493 3247 600 3326 placuit
626 3248 734 3329 publici
762 3250 834 3312 iuris
860 3247 978 3328 lacere,
1008 3255 1039 3310 et
1067 3264 1135 3311 curu
1155 3243 1328 3324 Damasina,
1358 3242 1396 3308 de
1425 3259 1483 3323 qua

248 3357 325 3419 inter
346 3363 500 3438 utramque
520 3358 692 3420 intermedia
712 3359 788 3422 inira
810 3358 960 3437 dicemus,
986 3374 1100 3423 summa
1121 3371 1312 3435 componere
1354 3351 1483 3434 Egomet

247 3482 320 3528 vero
340 3465 421 3547 ipse,
444 3484 509 3528 eum
534 3486 573 3530 ex
594 3468 797 3550 catalogorum
818 3467 906 3532 titulis
928 3483 1028 3548 neque
1048 3483 1162 3546 negare
1184 3463 1273 3528 velim
1288 3479 1387 3544 noque
1401 3459 1482 3524 affir-

249 3593 345 3654 mare,
374 3575 438 3639 sola
467 3577 496 3638 in
525 3576 682 3640 Gerurania
709 3577 883 3658 Papiensem
912 3595 1057 3640 summam
1085 3592 1155 3640 esso
1187 3574 1392 3656 superstitem,
1424 3571 1485 3636 boc

248 3683 315 3746 loco
336 3685 366 3748 in
388 3685 597 3750 enumerandis
625 3693 792 3752 exterarum
813 3685 1058 3750 bibliothecarum
1085 3685 1168 3749 libris
1197 3684 1254 3750 illis
1269 3683 1312 3761 ⁵²)
1340 3681 1482 3762 subsisto,

281 3963 316 4026 ω)
334 3964 384 4020 Est
402 3967 462 4020 Sec.
476 3966 552 4020 litu.
571 3973 597 4021 ct
614 3969 713 4021 lormae
732 3967 881 4032 medianae,
900 3969 927 4018 in
947 3965 1052 4018 duabus
1071 3963 1203 4016 columnia
1232 3960 1399 4015 lucidissime
1418 3963 1484 4014 seri-

333 4059 410 4121 ptus,
430 4055 478 4107 sed
498 4057 628 4122 scriptura
646 4071 767 4108 summae
787 4056 913 4107 minutior
932 4059 973 4106 est
992 4051 1138 4118 multisque
1154 4050 1298 4102 verborum
1313 4049 1482 4116 compendiis

333 4140 404 4194 lectu
423 4141 565 4194 difficilior.

279 4225 314 4291 ⁸¹)
332 4226 409 4280 Alter
427 4225 474 4280 Nr.
486 4226 521 4284 tt
539 4227 642 4280 mediae
659 4229 775 4294 formae,
805 4225 865 4280 See.
879 4223 973 4294 x111.,
998 4223 1166 4290 duarumque
1190 4222 1391 4290 columnarum,
1415 4221 1484 4277 alter

333 4311 380 4365 Nr.
397 4312 445 4368 tao
464 4315 522 4366 eius
541 4315 640 4366 formae
659 4322 709 4381 est,
730 4330 799 4382 quae
819 4314 870 4368 dici
890 4312 960 4365 solet
974 4311 1052 4376 lolio;
1071 4313 1100 4364 in
1118 4310 1171 4365 boc
1190 4307 1356 4362 Bernardina
1374 4325 1482 4364 summa

334 4400 432 4466 legitur
455 4400 500 4452 tol.
514 4397 670 4468 osb-Bra,
694 4403 722 4454 in
746 4401 794 4454 illo
818 4401 864 4454 iol.
881 4397 990 4465 t-te,
1015 4413 1130 4464 quorum
1155 4403 1244 4450 nmen
1269 4396 1362 4463 plura,
1388 4395 1482 4451 sats

333 4493 359 4539 et
376 4484 507 4553 35-36,
526 4487 621 4540 deesse
640 4487 776 4542 adnotavit
794 4486 938 4540 Zacberns.

285 4571 319 4636 ⁵²)
338 4570 409 4628 Sunt
426 4588 491 4626 vero
508 4572 552 4628 hi:
578 4572 606 4640 l)
622 4572 815 4632 Atrebateusea
836 4573 906 4640 duo,
924 4569 982 4626 scil.
1003 4568 1149 4628 „sennaar
1169 4583 1274 4625 summa
1292 4581 1374 4635 super
1392 4567 1484 4622 decre·
