3074 5184
457 179 570 238 LIBER
591 181 641 236 111.
685 180 760 236 uls.
783 175 884 238 5-7-
1252 173 1288 236 71

52 353 108 418 rici
130 351 221 418 enim
242 353 296 419 ulii
318 354 458 420 serviunt
478 355 630 420 ecclesiae
652 355 778 420 assidue
797 355 838 435 19)
866 363 897 420 et
924 353 1107 440 diligenter,
1135 351 1188 416 alii
1209 352 1288 417 assi-

56 462 128 541 due,
152 464 214 528 sed
225 467 266 546 ²⁰)
288 463 494 550 negligenter,
519 465 572 530 alii
594 465 789 551 interpolate,
811 463 863 529 elii
884 463 971 529 nullo
986 463 1090 528 modo.
1126 461 1192 544 Qui
1213 463 1291 527 assi-

53 572 113 636 due
129 581 164 636 et
180 573 356 659 diligenter,
373 574 545 658 aequaliter
558 575 719 660 percipere
734 574 859 653 debent,
875 583 910 638 ut
925 573 963 640 Ο.
980 571 1070 636 XVI.
1087 595 1138 657 qu.
1154 576 1172 638 t
1196 579 1288 636 Deci-

52 703 119 745 mus
141 684 189 763 (c.
208 686 258 766 1);
287 683 342 767 qni
365 684 504 762 assidue,
533 685 589 750 sed
616 685 828 770 negligenter,
857 683 1031 770 percipient
1044 687 1085 758 21)
1115 681 1290 747 secundum

52 791 297 876 dispositionem
312 793 462 880 episcopi,
476 803 512 858 ut
524 793 562 861 O.
573 791 650 858 XII.
667 817 719 878 qu.
735 797 755 861 2
773 799 863 858 Vobis
878 797 919 874 (c.
928 796 995 874 23),
1012 797 1153 857 Uenacus
1166 793 1289 874 (0.26);

52 899 107 984 qui
127 901 337 987 interpolate,
365 925 423 988 pro
452 903 563 968 merito
584 903 717 982 laboris,
747 913 784 968 ut
805 902 843 970 O.
863 901 890 967 Ι.
913 925 965 988 qu.
987 905 1007 970 2
1031 906 1138 966 Clerici
1160 902 1288 982 tc.10);

51 1009 105 1093 qui
135 1010 228 1075 nullo
257 1011 352 1076 modo
381 1012 535 1090 serviunt,
563 1013 641 1078 nihil
669 1013 842 1098 percipient
853 1017 910 1094 ῃ),
945 1021 981 1078 ut
1016 1034 1112 1098 supra
1148 1011 1187 1076 de
1215 1011 1288 1076 cler.

52 1119 181 1206 coniug.
206 1125 290 1184 later
310 1135 406 1185 cetera
428 1124 470 1204 (c.
485 1125 521 1199 t;
542 1159 561 1172 -
584 1122 645 1190 Gn
663 1147 694 1188 n.
715 1129 774 1208 p.).

133 1229 223 1292 Illud
244 1229 277 1294 in
297 1253 421 1296 summa
441 1233 625 1310 notandum,
648 1233 734 1317 quod
754 1255 819 1297 una
838 1230 1021 1317 praebenda
1041 1230 1174 1296 induas
1190 1228 1288 1295 dividi

54 1360 117 1402 non
140 1337 239 1403 debet
251 1342 303 1422 ²³),
325 1349 362 1404 ut
374 1341 458 1406 infra
472 1342 541 1407 eod.
562 1347 730 1406 Maioribus
751 1343 793 1424 (c.
812 1343 867 1420 103
882 1377 901 1392 -
918 1340 973 1408 Gr.
989 1362 1017 1405 c.
1031 1343 1061 1409 8.
1076 1338 1138 1403 ΠΙ.
1153 1340 1198 1420 5).

549 1565 719 1650 lllllllld
745 1565 799 1650 ll.

277 1738 322 1797 ic
350 1739 489 1798 clerico
517 1742 742 1812 aegrotante
769 1739 826 1799 vel
855 1737 1068 1798 debilitato.

852 1843 859 1874 e

133 1909 203 1975 Hic
225 1911 333 1976 titulus
362 1913 402 1976 ad
432 1913 625 1999 superiorem
652 1911 795 1977 refertur.
840 1911 924 1979 Cum
946 1913 1030 1977 enim
1051 1912 1288 1999 supradictum

56 2017 108 2096 sit,
130 2021 222 2104 quod
241 2021 282 2098 hi,
305 2022 359 2106 qui
375 2021 527 2088 ecclesiae
547 2047 611 2088 non
626 2023 775 2102 serviunt,
789 2022 979 2088 beneficium
1000 2021 1066 2088 sive
1081 2029 1110 2102 ¹)
1132 2021 1286 2108 praeben-

56 2127 124 2192 dam
139 2128 262 2194 habere
278 2153 342 2194 non
357 2130 481 2209 debent,
504 2133 712 2216 quaeritur2),
736 2155 777 2197 an
798 2132 930 2197 clericus
946 2141 1113 2219 aegrotans
1133 2131 1185 2196 vel
1200 2131 1287 2196 debi-

55 2235 156 2303 litatus
172 2237 290 2304 debeat
302 2242 329 2321 3)
352 2235 554 2307 nihilominus
571 2241 725 2320 habere⁴)
740 2241 963 2327 praebendam.
1006 2241 1062 2306 Ad
1076 2241 1162 2328 quod
1176 2263 1286 2306 secure

55 2345 231 2426 dicendum,
254 2350 340 2432 quod
360 2371 430 2414 eam
453 2349 567 2415 debeat
579 2349 696 2416 habere
718 2371 791 2414 cum
812 2372 851 2415 ea
870 2350 1050 2437 integritate
1066 2372 1130 2435 qua
1151 2351 1229 2425 sani,
1251 2363 1287 2414 ut

57 2455 134 2520 infra
155 2457 301 2524 codol
322 2468 353 2523 et
366 2459 422 2524 ult.
438 2457 510 2542 (Gr.
526 2482 552 2524 c.
571 2464 584 2526 l
604 2469 635 2524 et
649 2462 678 2528 3.
693 2457 755 2523 ΙΠ.
767 2461 820 2542 6);
842 2459 939 2524 immo
962 2460 988 2524 si
1009 2469 1180 2546 aegrotans
1201 2459 1290 2524 labo·

58 2569 137 2646 reti)
159 2568 280 2654 inopia,
303 2569 397 2634 credo
412 2569 497 2654 quod
518 2569 652 2634 ecclesia
673 2569 867 2635 medicorum
889 2579 920 2634 et
942 2569 1170 2634 medicinarum
1181 2570 1209 2652 6)
1232 2570 1287 2635 de-

59 2673 124 2740 beat
144 2676 253 2743 subire
274 2678 434 2764 impensas
446 2681 484 2761 ⁷),
507 2687 542 2744 ut
562 2701 605 2744 ar.
628 2677 666 2745 C.
682 2677 758 2744 XII.
781 2683 869 2764 qu.2
891 2685 1096 2745 Dilectissimis
1119 2684 1161 2761 (e.
1177 2682 1222 2762 2).

447 2985 453 3000 .
540 2929 712 3015 illitis
739 2929 810 3014 llll.

453 3103 497 3162 lic
523 3102 833 3164 institutionibus
855 3101 889 3178 ¹).

136 3274 300 3358 Quoniam
330 3276 371 3340 ad
401 3277 607 3362 acquirendas
621 3281 649 3358 2)
677 3277 890 3366 praebendas,
927 3277 967 3342 de
995 3275 1110 3361 quibus
1138 3275 1287 3352 diximus,

64 3386 233 3451 necessaria
247 3395 296 3450 est
308 3385 462 3452 institutio
474 3388 512 3469 3),
534 3409 599 3452 non
619 3387 793 3473 incongrue
814 3388 854 3452 de
872 3387 942 3474 ipsa
956 3385 1177 3463 subiiciamus3
1198 3384 1287 3449 vide-

66 3513 144 3559 amus
165 3495 267 3581 igitur
274 3495 312 3575 ⁴),
335 3496 412 3580 quid
432 3496 473 3561 sit
493 3496 663 3574 institutio,
686 3497 756 3581 quis
776 3497 877 3582 possit
898 3496 1076 3573 instituere,
1099 3494 1226 3579 quando
1248 3494 1289 3558 sit

66 3597 219 3682 facienda,
243 3604 314 3688 quis
336 3605 402 3670 eius
424 3604 563 3670 effeetus.

140 3719 159 3792 i
191 3719 219 3780 l.
263 3713 423 3780 Institutio
451 3724 499 3781 est
527 3715 688 3801 dignitatis
717 3715 769 3780 vel
802 3713 1003 3802 praebendae
1029 3714 1062 3778 in
1095 3712 1290 3802 corporalem

73 3877 334 3894 5-—

70 3963 148 4028 llo-2
167 3973 285 4038 accipere.
343 3971 375 4035 ¹⁹)
395 3973 486 4029 Mat
505 3976 610 4027 omittit.
665 3974 698 4032 ²⁰)
717 3974 769 4025 Pa.
789 3982 815 4027 et
834 3971 926 4026 Mas
946 3979 996 4025 tarn
1016 3973 1059 4026 hic
1078 3988 1158 4038 quarn
1178 3989 1237 4024 mox
1257 3981 1288 4025 ct.
1325 3977 1327 3981 ’

70 4035 97 4098 ²¹]
115 4039 165 4094 lla.
185 4051 213 4096 et
232 4041 325 4098 Mat
344 4045 467 4108 percipere
491 4045 582 4095 debent.
649 4045 683 4108 ²²)
702 4043 795 4098 Mc.3
818 4042 961 4108 percipiunt
1026 4041 1060 4104 ²³)
1080 4039 1156 4093 Idem
1180 4041 1205 4091 in
1228 4041 1290 4091 duas

69 4121 107 4156 nea
120 4121 207 4174 potest,
228 4114 330 4164 omisso
349 4113 431 4163 diuidi.

131 4195 261 4250 Tuu-
294 4197 508 4262 1)Μο.3ειιιιπι.
557 4199 579 4261 2)
601 4197 703 4252 Ian.
724 4201 899 4267 praemittitur
912 4199 992 4248 etiam.
1044 4197 1066 4254 3)
1087 4195 1174 4250 Μο.)
1196 4196 1287 4246 debent.

71 4259 89 4318 4)
104 4263 264 4321 Exciderunt
282 4269 309 4319 in
328 4267 382 4334 Li,
401 4285 469 4334 quae
489 4276 641 4334 sequuntur
660 4285 745 4336 usque
765 4270 798 4322 ad
816 4286 866 4319 cunr
879 4286 914 4318 ea.
969 4268 992 4323 5)
1008 4265 1064 4319 Ha.
1080 4273 1105 4318 ct
1117 4264 1168 4318 Pa.
1184 4265 1287 4316 laborat.

71 4327 89 4387 ⁸)
104 4331 147 4386 Vi.
167 4337 249 4390 habet
267 4337 396 4387 medicinae
414 4339 564 4403 omittitque
584 4338 673 4388 debeat.
732 4339 755 4400 7)
776 4337 824 4390 Li.
845 4339 868 4388 in
888 4337 1005 4404 carpensis.

132 4422 176 4475 Tit.
196 4421 220 4473 7.
241 4451 273 4460 -
311 4424 332 4486 1)
352 4423 383 4474 ln
403 4423 447 4474 lii.
469 4423 535 4476 haec
554 4428 667 4477 occurrit
684 4425 764 4493 plane
785 4425 930 4490 singularis
949 4425 1066 4476 rubrica:
1087 4423 1116 4472 de
1130 4421 1216 4486 pravis
1234 4438 1288 4470 con·
1331 4423 1334 4432 ‘

72 4493 219 4544 suetudiaibus
243 4493 400 4558 extirpandis.
454 4493 476 4552 2)
495 4491 551 4543 Hc.
572 4501 597 4545 et
616 4493 668 4546 Pe.
687 4495 711 4544 in
729 4495 836 4559 acquir.,·
863 4493 954 4548 Mo.3
976 4493 1011 4542 cd
1026 4492 1114 4555 requir.
1168 4490 1190 4553 3)
1212 4487 1287 4552 Quae

73 4553 124 4611 hinc
146 4568 298 4630 sequuntur
323 4577 410 4628 usque
434 4563 468 4614 ad
488 4561 542 4627 quis
555 4564 645 4628 possit,
671 4567 699 4617 in
718 4563 771 4616 Pa.
791 4564 896 4614 desunt.
959 4560 981 4624 ⁴)
1002 4560 1062 4612 Μο.
1081 4562 1090 4614 l
1112 4566 1138 4613 et
1156 4558 1172 4615 3
1192 4567 1218 4612 et
1238 4558 1285 4612 Vi.
