3098 5184
257 243 338 304 nxrr
605 241 877 302 rnansauro
907 241 1172 328 amoenus..
1245 309 1248 314 ,

254 421 350 486 libelli
359 395 506 504 originem
520 420 680 502 trahamus,
704 439 833 504 eumque
849 429 981 486 nontam
997 423 1203 504 conscriptum,
1224 439 1310 504 quam
1330 439 1369 486 ex
1382 419 1484 484 lectio-

253 531 340 596 nibus
354 533 547 613 eompositnm
563 549 630 595 esse
647 532 777 598 dieamus
793 552 809 595 a
825 531 974 595 Bernardo
989 531 1084 599 adhue
1099 533 1266 615 praeposito
1281 549 1484 613 canonumque

253 643 329 724 apud
351 643 559 706 Bononienses
582 642 705 706 doctore
720 641 786 717 ¹⁵³).
829 641 1004 705 Dubitationi
1027 643 1126 723 itaque
1147 649 1178 705 et
1198 642 1408 706 controversiis
1430 659 1485 703 nec

253 759 320 833 post
344 753 436 834 ipsius
465 751 624 814 editionem
654 752 691 814 de
720 769 853 814 summae
881 759 977 816 aetate
1007 760 1095 834 atque
1122 751 1242 816 historia
1271 752 1365 815 deerit
1392 751 1486 830 locus,

252 861 391 943 idemque
423 861 501 924 ualet
531 860 568 924 de
601 863 730 925 auctoris
763 863 855 924 nostri
887 861 1003 924 casibus
1036 861 1084 924 vel
1116 869 1255 942 apparatu
1284 859 1484 924 decretalium.

252 970 402 1053 Papiensis
423 972 510 1035 istum
538 970 644 1034 lihrum
674 988 742 1035 esse
769 971 892 1053 originis
920 978 950 1034 et
971 971 1057 1033 Anno
1080 971 1161 1038 1198
1189 971 1402 1049 recentiorem,
1431 987 1485 1052 pro

251 1088 334 1145 oerto
355 1080 474 1162 quidem
496 1081 565 1144 lieet
586 1080 707 1144 habere.
750 1081 797 1144 An
820 1099 893 1144 vero
914 1088 964 1144 aut
986 1099 1025 1144 ex
1044 1081 1200 1144 Lanirauci
1222 1082 1279 1144 vita
1300 1079 1486 1144 aBemardo

253 1193 414 1273 composita
435 1206 547 1273 perque
569 1190 765 1255 Bollaudistas
791 1191 868 1255 edita
885 1189 957 1272 ¹⁵⁴),
986 1198 1035 1255 aut
1064 1209 1102 1254 ex
1130 1190 1347 1254 commentariis
1371 1189 1486 1252 Cantici
1537 1247 1538 1258 ,

253 1301 454 1380 (leuticorum,
485 1319 560 1382 quae
588 1302 697 1382 pariter
721 1307 788 1382 post
808 1301 950 1364 Bernardi
970 1303 999 1364 in
1022 1303 1144 1383 patriam
1166 1300 1270 1366 urbem
1290 1299 1416 1363 reditum
1438 1299 1485 1364 lit·

251 1413 323 1474 teris
345 1419 413 1475 sunt
433 1411 582 1492 mandata,
616 1418 665 1474 aut
694 1430 733 1473 ex
761 1413 934 1475 accuratiori
962 1411 1053 1493 ipsius
1076 1418 1229 1492 apparatus
1252 1409 1485 1491 perscrutatione
1529 1457 1538 1486 ‚a

238 1522 346 1602 possit
367 1521 435 1604 quid
458 1523 566 1584 certius
589 1523 652 1584 erui
674 1520 713 1583 de
735 1539 772 1584 eo
794 1521 883 1602 libro,
915 1540 1003 1603 quem
1030 1523 1146 1584 tertium
1173 1538 1264 1601 super
1285 1519 1484 1584 decretalibus

250 1630 384 1694 laborem
404 1639 551 1713 nuncupat
571 1631 753 1710 Bernardus‚
776 1631 893 1694 videant
911 1633 942 1709 ii,
965 1631 1081 1712 quibus,
1105 1648 1181 1711 quae
1202 1629 1273 1691 milri
1295 1636 1343 1692 aut
1363 1629 1485 1691 omnino
1537 1637 1538 1690 l

251 1740 354 1804 deerat
377 1749 426 1805 aut
446 1742 567 1805 brevior
591 1741 781 1823 suppetebat,
810 1741 993 1804 Bernardina
1022 1743 1076 1803 ista
1105 1740 1262 1822 diligenter
1288 1739 1485 1820 investigandi

251 1851 316 1914 data
331 1853 386 1915 erit
406 1853 615 1934 opportunitas.
658 1851 803 1933 Equidem
824 1851 1015 1914 decretalium
1038 1869 1124 1914 casus
1145 1849 1224 1912 haud
1245 1849 1294 1912 diu
1314 1856 1382 1929 post
1402 1848 1485 1910 illurn

249 1957 385 2042 reditum,
406 1969 496 2042 atque
517 1961 609 2024 multo
629 1969 696 2024 ante
718 1961 796 2024 diem
818 1961 965 2036 ultimum,
988 1978 1076 2041 quem
1097 1959 1184 2022 Auno
1201 1959 1282 2025 1213
1308 1975 1411 2021 meuse
1427 1957 1485 2020 De-

251 2071 363 2134 cembri
385 2071 496 2134 obiisse
516 2071 608 2134 fertur
623 2071 678 2146 155)
700 2071 881 2148 Bernardus‚
903 2069 972 2132 inde
994 2070 1174 2132 coniecerim
1199 2087 1269 2132 esse
1291 2045 1482 2149 compositos,

251 2180 329 2262 quod
352 2197 450 2261 neque
474 2179 727 2243 iunocentinarum
756 2179 963 2259 decretalium,
990 2197 1087 2260 neque
1110 2197 1229 2256 carum,
1252 2195 1327 2259 quae
1349 2178 1379 2240 in
1401 2195 1483 2239 com-

249 2289 388 2372 pilatione
417 2290 546 2353 secunda
575 2290 661 2354 nobis
688 2289 822 2372 reliquae
850 2297 933 2368 sunt,
961 2289 1049 2351 ullam
1077 2289 1107 2351 in
1136 2287 1187 2350 illo
1214 2287 1288 2350 libro
1317 2286 1482 2350 invenerim

249 2399 413 2475 laudatam,
435 2399 540 2464 sedin
562 2417 616 2463 suo
638 2399 785 2462 breviario
807 2399 983 2482 allegando,
1004 2399 1035 2461 ni
1057 2415 1105 2462 me
1126 2396 1202 2461 torte
1222 2395 1379 2460 fefellerint
1392 2395 1482 2477 oculi,

250 2507 416 2574 sulsttisse
440 2509 557 2574 videam
579 2509 775 2573 Bernardum.

333 2696 394 2763 Sed
413 2697 489 2761 haec
509 2697 662 2762 hactenus.
701 2696 782 2762 Mitto
803 2705 833 2762 et
851 2705 1002 2762 auctorem
1025 2704 1055 2760 et
1076 2696 1206 2762 libellum
1227 2703 1369 2776 nostrum,
1393 2712 1482 2778 quern

249 2815 280 2872 ut
303 2807 412 2872 editum
435 2826 539 2872 omnes
561 2809 666 2872 eadem
690 2809 837 2890 excipiant
859 2807 1065 2870 benevolentia
1084 2807 1115 2870 in
1137 2805 1211 2870 votis
1230 2805 1337 2884 habeo,
1359 2823 1417 2886 qua
1432 2823 1480 2868 me

248 2917 393 2983 anecdota
421 2919 475 2982 ista
510 2919 654 2982 editurum
680 2918 775 2982 ubivis
806 2917 982 2982 Germaniae
1013 2915 1216 3001 quamplurimi
1244 2917 1324 2998 iique
1352 2931 1479 2996 magnae

247 3028 278 3090 in
298 3027 402 3092 littaris
423 3029 601 3092 auctoritatis
618 3029 679 3092 Viri
699 3028 847 3110 prosecuti
868 3033 943 3108 sunt,
965 3027 1152 3090 conamiuurn
1174 3043 1308 3088 meorum
1329 3024 1479 3088 adiutores

248 3144 336 3218 atque
357 3137 497 3218 lautores,
520 3138 636 3220 quibus,
658 3145 815 3220 antequam
837 3137 980 3200 calamum
1003 3136 1162 3218 deponam,
1185 3153 1246 3200 non
1267 3151 1387 3216 possum
1409 3133 1479 3216 quin

247 3247 389 3310 mammas
411 3248 521 3330 gratias
542 3247 669 3312 habeam
689 3265 835 3330 agamque
857 3246 1009 3328 omnibus,
1032 3263 1103 3327 pree
1125 3247 1233 3308 ceteris
1256 3262 1328 3308 vero
1349 3245 1417 3310 seni
1437 3241 1479 3304 illi

247 3375 362 3420 summe
389 3357 566 3438 venerabili,
594 3358 645 3440 qui
665 3357 723 3420 hoc
748 3358 812 3440 ipso
845 3355 893 3420 die
921 3362 988 3418 ante
1020 3353 1173 3438 sexaginta
1195 3371 1287 3418 annos
1309 3352 1477 3418 doctorales

247 3465 369 3548 adeptus
391 3465 521 3531 honores
544 3474 574 3530 et
594 3475 657 3532 erat
677 3485 730 3550 per
750 3466 954 3548 longissimam
975 3464 1064 3528 vitam
1085 3464 1215 3526 omnium
1236 3464 1321 3526 totius
1342 3462 1478 3544 Etnopae

246 3576 479 3660 iurisperitorum
501 3577 596 3660 gloria
617 3585 705 3660 atque
727 3577 827 3656 decus,
851 3575 966 3656 eritque
988 3575 1018 3637 in
1040 3590 1128 3636 omne
1149 3591 1265 3638 aevum.

355 3773 526 3842 Scribebam
547 3775 642 3857 pridie
664 3771 783 3872 Calend.
806 3771 964 3837 Novembr.
987 3769 1171 3836 lchCCLX.

275 4069 319 4134 ¹⁵³)
338 4069 427 4126 Huius
446 4072 581 4139 opinionis
600 4071 702 4123 saman
719 4066 737 4120 l.
750 4083 772 4120 c.
792 4064 834 4135 §6
851 4067 935 4120 luisse
953 4065 1047 4131 video,
1072 4065 1119 4131 qni
1138 4063 1238 4118 librum
1257 4061 1403 4117 Fauentiae
1422 4075 1477 4116 non

302 4185 307 4202 ι
334 4161 479 4226 scriptum,
496 4157 544 4210 sed
561 4163 661 4210 mutum
681 4154 846 4223 publicatum
865 4167 925 4208 esse
944 4153 1061 4206 coniicit.

274 4244 318 4308 ¹⁵⁴)
338 4244 379 4298 cs.
398 4249 490 4298 suaa
505 4245 523 4296 1.
537 4261 558 4296 e.
573 4241 620 4312 ts.

275 4331 320 4398 ¹⁵⁵)
340 4329 379 4384 Cf.
397 4333 430 4384 ln
445 4334 516 4384 Porto
533 4331 550 4382 l.
565 4345 587 4384 c.
604 4346 630 4396 p.
643 4328 691 4398 61,
710 4331 755 4396 qui
773 4329 905 4392 usnemun
922 4327 1004 4380 huius
1024 4325 1062 4378 rei
1079 4323 1170 4378 laudat
1188 4328 1332 4376 auctorem.
