3098 5184
251 217 304 274 Lx
728 212 1002 272 pannonum

250 393 386 471 lectione,
409 410 530 474 quarum
553 391 610 454 iam
633 391 846 454 accuratiorem
865 389 1009 456 babemus
1030 392 1161 456 notitiam
1182 394 1372 476 omniumque
1387 394 1480 458 rubri-

251 522 351 568 carum
373 502 619 585 designationem,
640 507 799 565 occurrunt
821 500 877 576 „dc
899 502 1020 583 capellis
1041 501 1202 566 laicorum“
1232 503 1281 567 vel
1304 504 1361 578 „de
1382 506 1482 586 pueris

250 615 300 697 qui
320 619 526 678 tonsurantur“
556 612 709 691 rubricae,
731 611 785 674 sub
809 611 914 692 quibus
935 613 965 674 in
986 612 1131 676 summula
1150 615 1205 677 isto
1227 613 1398 677 Bernardus
1422 614 1483 678 lau·

250 725 299 788 dat
313 721 368 800 ¹⁴⁶)
390 721 551 786 Alexandri
565 721 612 786 lll.
642 741 705 804 cap.
734 725 785 784 Aoi
803 732 940 785 acorem
963 730 992 786 et
1015 726 1161 805 Quemvis
1181 729 1289 804 aimus,
1312 725 1331 786 i.
1354 743 1382 786 c.
1406 744 1434 788 c.
1451 727 1480 792 8.

251 835 351 915 Comp.
367 834 390 896 l.
414 840 444 898 et
465 832 555 916 Greg.
576 832 615 895 de
636 831 823 915 regularibus
845 839 875 894 et
896 850 922 894 c.
941 831 988 897 10.
1012 833 1113 914 Comp.
1129 833 1150 896 l.
1172 833 1220 896 vel
1242 851 1268 895 c.
1283 834 1313 901 6.
1331 834 1429 918 Greg.
1446 836 1484 900 de

250 947 314 1009 iure
341 950 519 1027 potronatus.
561 941 686 1005 Exhibet
712 949 811 1005 autem
839 941 983 1004 eiusmodi
1012 941 1110 1006 titulos
1135 944 1225 1024 inque
1246 942 1303 1006 illis
1325 945 1380 1008 ista
1403 948 1484 1027 capi-

249 1054 308 1118 tuta
344 1073 381 1118 oa
413 1053 605 1118 decretalium
641 1051 796 1131 collectio,
833 1069 919 1133 quam
952 1069 1046 1132 nuper
1076 1054 1107 1114 iu
1139 1053 1210 1118 Cod.
1241 1052 1399 1120 Parisiensi
1433 1057 1483 1120 lat.

250 1163 300 1226 Nr.
315 1163 405 1242 1566,
428 1163 447 1225 i.
463 1182 491 1226 e.
514 1180 552 1226 eo
573 1164 639 1242 ipso
660 1163 690 1224 in
712 1161 787 1224 libro
815 1163 1022 1243 manuscripto,
1048 1163 1097 1242 qui
1120 1163 1205 1226 nobis
1228 1171 1382 1248 utramque
1407 1167 1485 1230 Ber-

249 1273 332 1338 nardi
350 1273 481 1336 servavit
501 1271 684 1348 summulam,
707 1289 767 1334 non
787 1278 846 1334 tam
866 1272 977 1353 primus
999 1273 1110 1336 invenit
1132 1273 1197 1350 (ille
1219 1275 1297 1337 enim
1313 1274 1412 1339 codex
1425 1277 1484 1339 iam
1540 1295 1541 1354 †

249 1383 363 1465 pridem
392 1381 488 1445 beret
507 1383 537 1444 in
558 1380 692 1447 dietant
714 1381 879 1458 manibus),
905 1381 960 1444 scd
981 1384 1145 1446 accuratius
1167 1384 1294 1465 inspexit
1315 1392 1405 1467 atquc
1427 1403 1485 1448 suo
1540 1377 1541 1380 ’

248 1501 381 1574 tempore
403 1491 552 1556 describet
571 1490 779 1570 1111166611,
801 1491 964 1573 eademque
986 1492 1016 1554 in
1038 1491 1213 1556 collectione
1236 1501 1355 1558 ceterae
1376 1512 1486 1559 omnes

248 1604 286 1666 iis
307 1603 378 1685 ipsis
399 1600 453 1666 sub
474 1601 600 1664 rubricis
622 1601 779 1683 verbisque
801 1601 957 1664 initialibus
975 1603 1161 1666 inveniuntur
1175 1603 1342 1667 decretales
1356 1605 1387 1666 in
1401 1623 1485 1668 sum·

248 1712 326 1776 mula
347 1711 491 1776 laudatae.
534 1711 654 1774 Nullum
681 1711 779 1792 itaque
803 1711 920 1773 dubium
942 1711 1088 1793 reliquum
1111 1721 1171 1790 est,
1202 1716 1271 1796 quin
1292 1714 1386 1778 baoce
1404 1716 1485 1780 Ber·
1540 1709 1541 1770 l

248 1821 357 1886 nardus
378 1823 416 1886 sit
436 1839 518 1885 usus.
562 1821 634 1884 Eam
655 1839 728 1884 vero
750 1840 789 1884 ex
811 1820 1017 1901 compilatione
1038 1823 1148 1903 primo,
1171 1823 1251 1904 quod
1272 1807 1414 1888 'lbeineri
1442 1826 1483 1889 de

249 1951 285 1996 ea
308 1931 400 1996 luisse
424 1931 538 1995 videtur
558 1931 708 2008 iudicium,
732 1949 918 2012 nequaquam
941 1949 1010 1994 esse
1031 1939 1199 2014 excerptam
1223 1941 1311 2014 atque
1333 1937 1485 2016 composi·

248 2049 322 2122 mm,
344 2041 399 2106 sed
420 2041 499 2104 illam
520 2041 702 2122 praecedere
725 2048 813 2122 atque
836 2041 890 2104 sub
912 2040 1072 2104 Alexandri
1085 2042 1132 2104 lll.
1150 2041 1191 2124 P.,
1215 2061 1274 2126 quo
1296 2046 1485 2110 recentiores

247 2154 331 2216 istam
353 2152 384 2214 in
405 2152 580 2234 congeriem
601 2149 679 2214 haud
700 2150 833 2214 videmus
855 2150 995 2232 epistolas
1019 2151 1173 2231 admissas,
1196 2154 1382 2234 pontificatu,
1409 2157 1429 2218 i.
1452 2175 1481 2220 e.

248 2269 317 2325 ante
331 2263 369 2324 A.
387 2261 464 2328 1181
481 2261 572 2324 luisse
588 2260 781 2342 compilatam,
796 2266 855 2323 tom
869 2260 1024 2326 luculentis
1038 2261 1221 2326 llaassenius
1237 2263 1309 2327 mibi
1321 2265 1379 2328 iam
1399 2283 1484 2329 com·

246 2370 389 2454 probavit,
411 2377 500 2453 atque
521 2370 676 2454 aliquando
692 2369 811 2434 cuilibet
831 2368 933 2433 harum
951 2389 1049 2433 rerum
1065 2389 1159 2453 gnaro
1175 2373 1421 2454 comprobaturus
1436 2383 1484 2440 est

245 2483 444 2565 argumentis,
466 2489 498 2546 ut
517 2499 571 2564 pro
594 2481 759 2546 certissimo
780 2479 947 2543 babendum
969 2481 1021 2562 sit,
1050 2482 1128 2564 quod
1149 2483 1187 2545 de
1208 2483 1293 2546 buius
1315 2484 1484 2548 summulae

247 2599 343 2656 aetate
364 2593 520 2655 Breviorio
548 2592 651 2655 maiori
680 2590 755 2670 dixi,
787 2607 847 2652 non
874 2597 933 2654 tom
964 2607 1002 2653 ex
1030 2609 1112 2670 mea,
1142 2609 1230 2674 quarn
1259 2612 1297 2655 ex
1317 2593 1397 2656 illius
1418 2593 1482 2656 Viri

245 2701 430 2784 sagacissimi
458 2700 587 2783 mihique
617 2700 788 2765 amicissimi
819 2701 998 2764 auctoritate.
1042 2699 1122 2764 Ultra
1150 2718 1224 2763 vero
1252 2701 1394 2783 progredi
1417 2720 1481 2766 non

247 2812 356 2876 licebit.
391 2812 457 2886 Quo
478 2813 557 2875 enirn
578 2827 656 2874 anno
677 2809 847 2874 Bernardus
869 2809 1042 2873 disseruerit
1063 2811 1100 2873 de
1116 2810 1270 2892 electione,
1294 2829 1333 2874 ex
1347 2812 1481 2894 epistolis

245 2921 442 2986 decretalibus
469 2921 499 2984 in
527 2920 672 2984 summula
702 2919 824 2983 laudatis
855 2935 921 2983 earn
949 2920 1041 3000 ipsam
1069 2919 1108 2982 ob
1137 2937 1256 2983 causam
1277 2920 1346 2984 elici
1367 2923 1479 3003 nequit,

246 3049 322 3114 quae
350 3029 569 3094 matrimonialis
599 3048 732 3094 summae
753 3030 841 3093 aetati
861 3027 1084 3093 constituendae
1105 3031 1218 3107 obstatr
1240 3029 1271 3093 id
1291 3049 1382 3094 unum
1404 3049 1479 3094 vero

245 3140 412 3204 adnotatum
434 3159 504 3204 esse
518 3140 615 3219 velim,
630 3141 708 3204 inter
722 3139 882 3203 Alexandri
896 3138 944 3202 lll.
966 3138 1090 3220 capitula
1104 3140 1223 3220 nullum,
1247 3140 1325 3222 quod
1341 3141 1477 3222 viderim,

244 3247 336 3328 citari,
358 3251 438 3332 quod
459 3269 498 3314 ex
519 3251 645 3314 concilio
665 3250 857 3314 Lateranensi
884 3250 924 3312 A.
938 3249 1018 3316 1179
1040 3250 1187 3332 originem
1208 3250 1311 3314 trabat.

326 3361 481 3424 Bononiae
508 3367 580 3442 quot
607 3359 742 3423 docendo
770 3359 941 3423 Bernardus
968 3359 1086 3442 degerit
1113 3377 1222 3438 annos,
1251 3379 1310 3423 nec
1330 3361 1398 3442 ipsa
1419 3381 1478 3426 nec

244 3470 318 3534 alius
340 3471 406 3551 quis
427 3469 512 3533 nobis
532 3469 633 3551 tradit;
654 3469 767 3532 Romae
789 3487 857 3532 eum
878 3468 1056 3550 aliquamdiu
1077 3487 1147 3534 osse
1165 3478 1318 3550 moratum,
1339 3473 1398 3534 iano
1414 3489 1477 3535 mo-

242 3581 304 3643 nuit
323 3579 578 3664 lllplovulooolttS,
608 3580 657 3661 qui
685 3596 746 3642 non
772 3578 865 3642 attulit
886 3586 1053 3659 auctorem,
1082 3579 1263 3645 confirmavit
1285 3579 1406 3650 santus
1422 3581 1476 3660 ¹⁴⁷)

243 3709 283 3754 ex
297 3689 460 3772 diplomatis
475 3697 505 3753 et
519 3709 558 3752 ex
571 3689 734 3752 innocentii
748 3686 813 3767 tlt,
837 3686 875 3750 de
897 3706 955 3768 qua
976 3705 1047 3752 mox
1067 3689 1215 3768 dicemus,
1238 3689 1372 3771 epistola,
1397 3709 1476 3754 nunc

244 3806 274 3863 et
301 3799 458 3881 exipsius
487 3798 634 3862 Bernardi
662 3804 777 3862 constat
805 3815 859 3861 ore
874 3796 940 3874 ¹⁴⁸).
983 3797 1048 3872 Quo
1077 3806 1175 3864 autem
1204 3800 1264 3862 line
1285 3799 1412 3863 Romam
1440 3820 1475 3865 se

242 3896 407 3988 contulerit,
428 3925 523 3990 reque
545 3926 617 3972 vera
637 3907 735 3972 anibi
755 3906 868 3988 lecerit,
891 3907 970 3990 quod
984 3909 1080 3990 ipsum
1095 3927 1155 3972 non
1169 3916 1227 3972 tam
1241 3909 1363 3988 iecisse,
1385 3929 1474 3992 quam

270 4239 314 4308 ι*1)
332 4239 394 4292 vid.
413 4241 481 4292 inira
499 4253 558 4305 pag.
570 4235 623 4293 312
640 4241 667 4290 et
683 4235 744 4294 322.

270 4327 315 4391 ¹⁴⁷)
332 4326 365 4379 L.
383 4327 426 4379 cit
446 4325 497 4378 sub
516 4322 564 4376 Nr.
577 4323 652 4377 XIV.
673 4323 791 4393 62117.
809 4340 835 4391 p.
848 4321 908 4379 30³.

269 4414 314 4482 ¹⁴⁸)
333 4412 373 4466 (ll.
394 4410 506 4464 Summa
523 4410 621 4464 decret.
640 4411 674 4462 ad
697 4412 736 4463 111.
760 4411 793 4464 de
812 4409 923 4462 decimis
949 4407 1146 4478 (11126113.
1166 4427 1224 4478 pag.
1245 4409 1307 4465 tot:
1402 4420 1430 4462 ut
1451 4411 1476 4462 r'a

327 4498 378 4550 eiua
398 4496 467 4548 curia
490 4497 560 4560 (scil.
581 4497 728 4551 Alexandri
747 4495 810 4563 ΙΙΙ)
833 4495 921 4560 didici,
947 4503 973 4550 et
996 4497 1029 4548 ad
1052 4499 1091 4548 tit.
1116 4496 1148 4549 de
1173 4499 1231 4550 iure
1255 4505 1322 4564 patr.
1341 4495 1406 4560 (Ill.
1426 4498 1473 4565 33)

330 4585 380 4655 §A
401 4601 429 4654 p.
446 4584 505 4641 121.
