3076 5176
493 170 607 230 moso
631 174 681 259 tv.
719 171 793 232 uu.
817 170 864 232 14.
1240 171 1297 234 167

31 345 290 426 secundumffl)
312 346 405 411 istam
426 345 553 411 suntin
574 356 679 426 sexto,
708 356 743 412 ut
762 347 856 434 plene
876 347 1011 414 habetur
1030 348 1064 412 in
1085 347 1139 414 illo
1160 349 1299 435 capitulo

31 453 79 518 G.
109 456 194 520 ead.
217 479 270 540 qu.
285 456 352 534 599)
378 463 427 520 Ad
446 462 542 522 sedem
565 462 605 537 (c.
620 459 662 536 2).
698 457 765 550 Nec
780 457 894 523 iterum
908 458 948 538 99)
971 457 1110 536 obiicias,
1133 459 1218 542 quod
1240 458 1293 522 nli·

31 586 140 647 quae
176 565 314 651 capitula
343 567 540 652 praecipiunt
568 589 826 652 unumquemque
854 567 1010 632 abstinere
1038 591 1058 632 a
1078 568 1143 632 suis
1153 571 1192 647 99)
1222 590 1296 632 eon-

32 674 247 758 sanguineis
273 697 373 760 usqus
404 675 491 754 sd⁷¹)
520 677 690 762 septimum
712 677 862 762 gradum,
894 687 925 742 et
952 675 1088 742 addunt:
1127 677 1298 761 „quamdiu

30 783 227 865 parentela
247 785 448 870 cognoscitur
470 795 524 850 aut
544 787 579 851 in
599 787 752 852 memoria
771 787 957 864 retinetur;“
981 786 1027 851 sic
1048 787 1131 851 enim
1153 786 1295 866 etiamn)

33 893 141 958 ultra
167 895 335 980 septimum
364 896 499 981 gradum
525 895 650 960 videtur
666 895 792 981 copula
812 895 980 982 prohibita.
1024 894 1090 961 Sed
1110 896 1295 974 notandum,

33 1003 146 1086 quod
181 1023 253 1068 cum
284 1005 317 1068 in
345 1003 411 1068 VH
438 1004 639 1090 gradibus⁷³l
668 1005 770 1070 omnis
798 1005 962 1091 parentela
989 1005 1155 1072 claudatur
1163 1005 1221 1084 99),
1246 1005 1294 1070 ul-

34 1122 94 1176 tra
107 1116 158 1192 75)
189 1115 356 1200 septimum
385 1115 520 1201 gradum
545 1114 754 1200 parentela⁷⁶)
788 1115 943 1180 nominari
971 1114 1023 1180 vel
1050 1115 1201 1201 cognosci
1229 1137 1294 1180 non

33 1221 171 1301 debet,
193 1223 327 1308 ideoque
337 1228 376 1303 ⁷⁷)
399 1247 498 1288 unum
520 1225 579 1290 erit
600 1223 727 1288 alterius
751 1224 922 1310 expositio,
944 1233 980 1288 ut
1001 1224 1042 1289 sit
1062 1246 1192 1290 sensus:
1220 1247 1294 1310 pro·

35 1333 188 1416 geniem
197 1335 235 1414 79)
258 1356 348 1398 suam
370 1356 627 1419 unumquemque
655 1355 781 1398 servare
792 1335 831 1414 99)
861 1343 984 1420 oportet
1011 1335 1095 1416 ἰη99)
1124 1334 1293 1420 septimum

36 1442 196 1526 gradum
218 1452 249 1507 et
269 1443 464 1528 proindeffl),
492 1443 645 1528 quamdiu
666 1465 700 1508 se
722 1453 898 1529 agnoscunt
907 1445 946 1524 99)
968 1443 1122 1509 affinitate
1143 1444 1194 1508 vel
1216 1466 1292 1510 con-

35 1552 270 1637 sanguinitate
280 1553 473 1638 propinquos
483 1553 522 1633 99)
532 1577 540 1630 ;
552 1575 627 1617 nam
638 1573 701 1616 non
712 1552 794 1616 ultra
804 1573 838 1618 se
848 1553 1042 1638 propinquos
1057 1562 1235 1640 agnoscunt
1242 1553 1291 1632 99).

36 1660 149 1725 Haec
180 1662 334 1747 expositio
360 1661 494 1726 habetur
522 1684 563 1726 ex
590 1662 644 1725 illo
673 1662 766 1747 capit.
788 1667 839 1724 Ad
856 1668 951 1726 sedem
974 1661 1013 1728 O.
1035 1661 1103 1726 ead.
1127 1685 1178 1746 qu.
1202 1662 1289 1739 aad.;

37 1771 187 1853 quidam
210 1782 316 1836 tamen
336 1771 444 1852 hoe⁸⁵j
468 1771 507 1836 de
529 1771 659 1837 consilio
671 1771 728 1852 99),
755 1793 819 1836 non
845 1771 884 1836 de
906 1780 1075 1857 praecepto
1097 1771 1217 1836 dictum
1238 1793 1289 1837 as·-

38 1889 165 1944 serunt
175 1883 230 1962 999),
255 1881 307 1946 alii
328 1883 453 1960 vero⁸³l
476 1881 617 1947 referunt
638 1881 699 1946 hoc
721 1880 763 1945 ad
782 1879 853 1945 illos
864 1881 922 1960 99),
944 1879 999 1966 qui
1007 1862 1095 1944 ‘sunt
1116 1879 1155 1944 de
1176 1880 1288 1946 eadem

38 1990 152 2076 stirpe
177 2011 354 2076 cognomen
375 1991 688 2076 stirpisretinentcs3
718 1990 829 2055 dicunt
856 1989 940 2054 enim
951 1991 990 2070 99)
1014 2011 1085 2068 eos,
1114 1990 1173 2056 etsi
1194 1990 1290 2075 septi-

39 2123 141 2164 mum
166 2100 301 2186 gradum
322 2100 494 2178 excedant,
524 2121 621 2166 causa
650 2110 754 2164 tamen
776 2099 923 2186 publicae
944 2099 1118 2166 honestatis
1140 2100 1290 2186 coniungi

39 2231 112 2272 non
138 2231 245 2294 posse,
267 2209 348 2274 sicut
369 2209 396 2274 si
418 2209 581 2288 fuerintffi)
605 2209 645 2274 de
666 2208 854 2294 cognatione
874 2208 1059 2294 Scipionum
1069 2211 1108 2287 99)
1130 2218 1163 2274 et
1183 2209 1288 2295 ipsum

41 2339 233 2404 cognomen
243 2320 282 2396 99)
304 2319 469 2384 retineant.
511 2319 624 2404 Neque
645 2319 721 2384 item
734 2320 773 2398 99)
796 2317 963 2383 obiiciatur
972 2320 1030 2399 ⁹⁵),
1053 2319 1140 2404 quod
1161 2318 1287 2404 Gregc·

41 2427 111 2493 rius
136 2428 172 2492 in
194 2437 305 2512 quarto
327 2427 378 2492 vel
399 2428 509 2512 quinto
524 2429 627 2514 gradu
648 2429 901 2494 coniunctionem
921 2427 1074 2514 permittit
1083 2428 1133 2508 99),
1156 2427 1195 2494 C.
1217 2429 1288 2494 eada

42 2559 97 2619 qu.
123 2537 197 2602 ead.
213 2543 368 2620 Quaedam
385 2543 425 2616 (c.
440 2539 504 2618 20),
527 2559 600 2602 eum
620 2547 751 2616 constet,
775 2560 847 2602 eum
867 2538 928 2602 hoc
949 2537 1127 2623 specialiter
1139 2537 1287 2623 Anglieis
1371 2604 1374 2612 ,

45 2669 154 2732 nuper
182 2647 224 2710 ad
251 2645 346 2712 fidem
381 2647 540 2711 conversis
572 2657 603 2712 et
640 2648 681 2712 ad
715 2648 890 2733 tempus⁹⁷t
927 2656 1049 2712 tantum
1084 2647 1287 2713 concessisse.

48 2764 66 2830 S
85 2759 119 2824 8.
166 2755 336 2820 Praeterea
356 2756 547 2834 notandum,
575 2757 675 2840 quod,
702 2757 730 2822 si
751 2757 805 2842 qui
826 2755 1033 2840 inaequaliter
1054 2754 1247 2822 descendant
1268 2780 1288 2822 a

47 2865 158 2951 stipite
169 2866 209 2945 99)
216 2911 225 2942 ,
247 2873 313 2929 toto
324 2866 363 2944 99)
386 2865 489 2950 gradu
510 2865 653 2945 inter¹⁰⁰)
681 2889 715 2933 se
736 2865 915 2943 distabunt,
938 2874 1034 2950 quoto
1047 2868 1099 2946 991)
1124 2865 1286 2930 descendit

47 2975 101 3039 ille
125 2975 182 3060 qui
201 2973 273 3060 plus
294 2975 473 3052 descendit3
497 2975 586 3040 verbi
607 2976 725 3061 grstia:
753 2975 916 3040 descondit
934 2997 1016 3040 unus
1039 2982 1151 3058 quarto
1172 2973 1285 3060 gratim

48 3084 100 3149 vel
130 3085 242 3170 quinto
270 3084 321 3150 vel
343 3095 450 3164 sexto,
480 3085 560 3150 alius
589 3085 723 3170 septimo
735 3088 804 3164 999),
834 3084 1015 3161 distant¹⁰³l
1045 3105 1122 3169 ergo
1149 3084 1231 3150 inter
1251 3105 1286 3151 se

52 3416 230 3477 praemittitur
242 3424 271 3466 et.
324 3411 361 3480 99)
381 3413 433 3468 Hic
452 3431 559 3482 quoque
578 3416 605 3468 in
625 3415 752 3468 omnibus
767 3413 852 3468 Codd.
870 3414 969 3482 legitur
986 3431 1027 3480 qu.
1039 3430 1059 3466 e.
1112 3411 1150 3480 99)
1170 3413 1215 3467 Sic
1228 3414 1286 3481 lai,

51 3481 100 3535 Vi.
119 3492 147 3538 et
166 3484 228 3536 Μο.
242 3485 271 3550 2;
292 3483 378 3540 Mat
399 3501 459 3536 eum
478 3483 535 3536 Ha.
554 3502 584 3535 ne
601 3485 700 3546 itemm5
716 3484 769 3537 Pa.
788 3501 864 3550 neque
881 3484 943 3536 item.
1004 3484 1042 3547 99)
1061 3482 1123 3536 Μο.
1137 3483 1154 3538 2
1168 3484 1283 3548 proprio.

51 3552 86 3614 99)
108 3554 159 3606 Su·
179 3554 304 3608 demetr.
323 3555 357 3606 in.
409 3553 526 3615 ⁷²)He.
546 3557 642 3606 omittit
660 3553 743 3617 edam,
764 3553 941 3609 Memini.
994 3553 1032 3618 99)
1054 3552 1178 3608 Muta
1196 3551 1251 3604 VII
1259 3554 1285 3604 in
1339 3551 1341 3560 ’

50 3623 121 3685 yrud.
189 3622 226 3688 99)
247 3623 336 3679 Μο..)
359 3623 486 3674 clauditur.
552 3623 589 3688 99)
608 3622 694 3676 Deest
713 3627 740 3676 in
760 3623 805 3676 Li.
869 3621 906 3687 99)
927 3619 1033 3676 Omittit
1051 3621 1100 3674 Vi.
1167 3621 1205 3686 99)
1227 3622 1284 3676 Ha.

52 3691 102 3741 ideo
121 3691 189 3758 qm'a.
252 3693 290 3758 99)
310 3693 355 3745 Li.
369 3693 514 3758 proiectae,
540 3693 602 3746 Μο.
617 3694 629 3747 1
645 3693 763 3758 proniem.
823 3691 861 3756 99)
881 3691 930 3744 Li.
948 3692 1017 3744 seire.
1082 3692 1120 3757 99)
1139 3690 1196 3744 Ha.
1215 3692 1285 3756 sequi

53 3769 77 3812 et
99 3779 177 3828 usque
200 3761 249 3823 cd‚·
280 3763 327 3816 Su.
357 3763 390 3814 de
416 3769 491 3815 matr.
516 3779 591 3826 usque
614 3763 646 3816 in.
718 3763 756 3826 99)
781 3761 865 3814 codd.
890 3777 949 3814 cum
976 3761 1024 3814 Su.
1046 3761 1080 3814 dc
1105 3769 1179 3814 matr.
1202 3762 1283 3826 peri.

52 3829 86 3892 99)
106 3831 164 3884 Ha.
182 3839 208 3884 et
226 3831 271 3884 Li.
291 3833 381 3884 minus
399 3833 470 3884 bene
488 3841 638 3896 coynoscuot.
708 3831 745 3895 99)
772 3831 863 3886 Μο.3
888 3831 1032 3896 repetendo
1056 3831 1129 3882 addit
1153 3831 1284 3896 affinitate.

53 3899 88 3961 ⁸⁴)
109 3901 158 3953 Li.
182 3919 237 3952 nom
260 3901 326 3952 ultro
349 3917 375 3950 se
395 3918 468 3966 prop.
491 3917 537 3950 non
560 3911 665 3952 noscunt.
737 3900 774 3962 99)
794 3899 845 3952 Pa.
865 3901 971 3953 omittit.
1041 3898 1079 3964 99)
1099 3899 1156 3952 Ha.
1176 3900 1283 3951 concilio.

53 3968 88 4030 99)
108 3970 163 4022 Pa.
181 3971 264 4037 depr.
283 3987 332 4022 osa
350 3987 401 4020 esse
418 3971 512 4022 dama.
584 3969 621 4032 99)
641 3969 714 4022 Idem
742 3986 801 4033 non,
828 3969 885 4022 scil.
904 3973 936 4018 ηδ
955 3985 1002 4032 pro
1021 3973 1067 4032 co,
1093 3971 1119 4021 ni
1139 3971 1204 4021 torte
1224 3971 1283 4036 ipse

55 4038 291 4092 filiuslitteramu
311 4040 541 4104 prochabuerit.
594 4039 631 4104 99)
653 4039 705 4090 Pa.
725 4055 773 4090 eos.
825 4037 863 4102 99)
884 4037 975 4094 Μο.2
996 4048 1081 4091 tmeccn.
1134 4036 1172 4102 99)
1192 4038 1279 4092 Μο.)

55 4113 78 4157 et
95 4107 150 4160 Pa.
170 4112 259 4161 minus
280 4117 349 4162 recte
362 4109 450 4174 fuerit.
513 4108 551 4173 99)
572 4107 616 4162 Sic
635 4109 680 4160 Li.
698 4117 724 4160 et
743 4107 793 4159 Vi.
812 4125 873 4160 cum
894 4107 1064 4170 Mo.2et3;
1093 4107 1182 4162 llio-l
1203 4115 1283 4173 atque

56 4173 98 4228 Su.
118 4179 152 4229 de
177 4186 251 4232 matr.
270 4177 411 4244 Sipioaam
435 4175 486 4229 Pa.
504 4178 528 4227 si
540 4179 682 4243 proprium,·
706 4176 762 4229 Hs.
784 4175 946 4242 Gipim'onum.
1012 4176 1049 4242 99)
1069 4177 1114 4228 Li.
1133 4193 1162 4238 a,
1192 4193 1283 4241 super-

55 4249 281 4376 esem
301 4251 466 4371 letos·
508 4245 772 4379 t
794 4247 853 4381 tt·
866 4244 1283 4378 ξ..

57 4381 253 4452 ”theotimo
316 4385 544 4448 ⁹⁹)Ha.etLi.
568 4395 641 4438 tanto.
709 4386 754 4450 ¹⁰⁰)
778 4385 862 4438 Deest
880 4388 907 4438 in
925 4385 978 4438 Pa.
1045 4385 1283 4449 messmam,-

57 4452 81 4502 in
95 4454 122 4504 Μ
129 4455 177 4512 ο.3
190 4457 273 4508 deest.
329 4457 377 4519 ¹⁰²)
397 4455 445 4508 Su.
459 4456 491 4506 de
504 4461 579 4508 matr.
594 4457 647 4510 sic:
667 4455 729 4507 desc.
747 4473 808 4506 uam
826 4465 913 4520 quarto
928 4474 977 4522 qa,
996 4455 1060 4506 alius
1077 4455 1165 4520 quicto,
1182 4454 1244 4506 inter
1257 4469 1283 4502 se

58 4520 141 4576 doum
157 4525 239 4594 quinto
244 4544 253 4588 ‚·
270 4525 391 4582 descendit
406 4542 468 4578 anus
485 4525 567 4595 quinto
585 4525 624 4579 at
638 4533 719 4592 sexto,
738 4525 802 4576 alius
818 4526 917 4596 septimo
935 4535 979 4578 etc.
1035 4522 1083 4594 999)
1098 4523 1158 4578 Μο.
1172 4521 1189 4582 2
1207 4523 1283 4577 dicto·
