3098 5184
563 227 795 286 noluonls.
1228 221 1295 282 XLI

84 405 193 468 clatione
221 410 380 470 occurrunt
407 403 446 467 de
473 421 530 468 usu
556 403 651 486 pallii,
681 403 873 484 similiterque
903 418 979 483 quae
1008 401 1047 464 dc
1075 400 1173 464 allicio
1195 401 1296 464 vicarii

82 523 137 578 ante
157 516 195 578 tit.
221 515 259 578 de
289 513 387 578 officio
414 513 518 578 iudicis
547 514 675 597 delegati
704 514 800 577 addita
828 511 971 575 videmus.
1015 511 1097 584 Quae
1126 512 1295 575 coniectura

81 647 111 688 an
128 634 154 689 ct
174 633 317 708 quatenus
339 625 489 703 reclusit,
514 625 650 706 equidem
673 625 748 703 aliis,
772 624 876 706 quibus
899 622 1099 702 opportunitas
1121 621 1187 684 data
1209 620 1297 686 luerit

78 737 250 800 accuratioris
272 733 438 798 collationis
459 735 536 798 inter
564 734 697 798 codicem
726 741 858 797 nostrum
885 739 973 814 atque
1002 731 1188 795 Damasinam
1216 751 1296 795 sum·

77 865 142 908 mam
161 845 364 922 instituendae,
386 845 521 926 relinquo
542 845 761 926 indagandum,
787 843 816 906 id
838 861 926 906 unum
949 859 1089 920 monens,
1112 843 1295 924 antiquarum

78 954 301 1036 compilationum
324 955 377 1033 (ad
398 954 451 1019 has
473 957 552 1018 enirn
570 953 715 1018 Damasus
737 971 856 1036 semper
878 953 1000 1016 adiectis
1022 952 1121 1015 verbis
1145 952 1224 1028 „Lib
1239 953 1293 1014 ll.“

75 1065 116 1127 vel
137 1065 212 1141 „Lib
228 1065 297 1129 lll.“
319 1065 455 1144 remittit,
485 1065 601 1146 quoties
631 1064 796 1128 decretales
817 1063 1000 1127 bernardino
1022 1061 1169 1126 breviario
1189 1081 1295 1126 recen·

76 1177 155 1238 tiores
175 1174 294 1252 aderat)
323 1174 432 1238 nullam
454 1174 524 1237 mihi
545 1176 617 1238 istas
640 1175 805 1237 additiones
827 1173 1015 1255 perlustranti
1036 1172 1194 1236 obvenisse
1216 1189 1297 1235 com-

76 1287 317 1347 memorationem.
350 1284 411 1347 lam
432 1303 505 1348 vero
525 1303 592 1348 eum
607 1285 671 1366 ipse
686 1283 830 1348 Damasus
848 1303 912 1347 non
927 1290 986 1347 turn
999 1283 1187 1362 reformator,
1210 1301 1297 1365 quam

76 1395 205 1476 plagiator
227 1397 318 1460 luerit
338 1395 511 1459 bernardini
532 1395 673 1477 opusculi,
696 1395 804 1478 quippe
827 1413 865 1458 cx
887 1413 956 1477 quo,
980 1395 1014 1474 si,
1038 1413 1115 1476 quac
1135 1401 1184 1457 aut
1199 1395 1297 1457 eiece-

74 1505 105 1566 rit
117 1505 247 1569 oonsulto
263 1514 313 1570 aut
326 1507 522 1570 immutaverit
536 1512 584 1568 aut
599 1505 750 1584 addiderit,
773 1505 856 1568 locos
877 1505 1008 1586 inprimis
1029 1521 1171 1568 novarum
1187 1504 1298 1586 compi-

73 1613 199 1679 lationum
222 1615 329 1681 allatos
352 1633 554 1698 novorumque
577 1615 732 1696 exceperis
760 1615 907 1678 titulorum
929 1616 1116 1678 summarium
1137 1615 1298 1696 expositio·

73 1745 130 1788 nem
151 1734 180 1790 et
201 1745 313 1791 novum
335 1727 533 1807 prooemium,
557 1725 594 1788 ad
614 1725 742 1790 litteram
766 1724 832 1788 fere
854 1725 988 1788 desumta
1010 1726 1068 1788 sint
1089 1725 1197 1800 omnia,
1220 1743 1297 1806 quae

72 1854 116 1916 pro
136 1838 194 1900 suis
217 1837 349 1902 venditat
363 1836 505 1900 Damasus
527 1837 655 1898 auctoris
676 1853 786 1898 nomen
807 1837 952 1912 reticens,
975 1851 1085 1916 operae
1108 1836 1157 1898 vix
1171 1837 1297 1917 pretium

75 1944 227 2010 labendum
250 1955 312 2028 est,
341 1955 372 2011 ut
400 1948 464 2028 quis
493 1947 573 2028 ipsas
599 1945 662 2008 illas
685 1945 851 2008 additiones
872 1963 1033 2026 earumque
1054 1945 1200 2027 originem
1224 1963 1297 2008 cnu-

73 2053 175 2118 cleandi
204 2058 372 2122 taediosum
399 2059 429 2120 in
458 2075 492 2120 se
522 2057 661 2138 suscipiat
689 2055 821 2118 laborem
836 2053 889 2130 ⁸⁵).
935 2055 1086 2136 Aliorum,
1115 2073 1189 2137 quos
1209 2055 1296 2120 nobis

73 2163 238 2232 bibliotheca
260 2167 451 2232 Monacensis
471 2166 702 2231 subministravit
722 2165 814 2228 libros
835 2166 1061 2248 manuscriptos,
1167 2202 1169 2208 ¹

86 2334 343 2348 --—-——--——--—..—.

146 2428 271 2481 subiecto
291 2427 324 2480 ad
342 2429 488 2493 marginem
509 2425 658 2490 remittitur,
674 2425 722 2478 ubi
743 2442 774 2478 ea
793 2431 950 2493 sequuntur,
973 2443 1041 2493 quae
1062 2443 1182 2480 summae
1201 2425 1299 2480 Dama-

146 2514 220 2566 sinae
241 2515 288 2576 (cl.
301 2513 372 2581 App.
387 2513 437 2564 sub
448 2511 495 2578 V.)
514 2511 622 2564 exhibet
641 2514 781 2578 praelatio:
799 2511 848 2562 Est
864 2522 942 2563 autem
954 2513 991 2564 ias
1003 2531 1045 2564 ors
1056 2515 1130 2580 aequi
1140 2524 1164 2566 et
1175 2515 1231 2566 boni
1242 2525 1300 2580 etc.,·

146 2599 254 2668 aliaque
272 2601 301 2652 in
321 2599 422 2665 notula,
439 2600 595 2666 praemissis
614 2599 657 2650 his
675 2600 781 2652 verbis:
800 2600 930 2650 octoadem
944 2600 1015 2666 qood,
1034 2602 1197 2654 verbotenus
1212 2618 1298 2654 recur-

147 2694 221 2754 runt,
254 2703 322 2754 quae
349 2687 483 2740 Damasus
512 2687 545 2739 de
571 2685 808 2752 compilationibus
837 2688 1009 2741 decretalium
1030 2697 1088 2754 post
1110 2689 1299 2754 compositionem

146 2772 295 2825 decretorum
313 2783 356 2824 etc.
379 2775 454 2827 iactis
474 2781 586 2826 enarrat.

99 2857 130 2922 ⁸⁵)
148 2859 292 2927 Summae,
319 2876 399 2928 quam
424 2859 573 2912 Damasum
602 2875 684 2926 super
711 2859 823 2926 primam
854 2861 1070 2927 compilationem
1095 2865 1194 2916 iecisse
1221 2865 1299 2916 relert

147 2945 266 3000 Ioannes
284 2947 423 3013 Andreae,
441 2951 546 3014 praeter
564 2953 617 2999 tres
637 2946 743 2998 codices
763 2961 778 2996 a
795 2949 965 3000 Wundcrllchlo
984 2949 1028 3012 (cs.
1048 2947 1143 3001 Eiusd.
1163 2949 1301 3002 Anecdota

147 3033 179 3084 ad
197 3049 373 3100 processum,
404 3033 476 3087 Gott·
500 3030 580 3098 1841,
608 3032 710 3098 proleg.
731 3050 756 3099 p.
771 3032 817 3094 36)
843 3034 1014 3102 designatos,
1039 3035 1211 3103 Lipsiensem
1231 3037 1300 3104 scil,

146 3119 335 3174 Basileensem
356 3127 435 3186 alque
452 3117 654 3184 OxonIensem,
678 3125 704 3170 et
722 3127 826 3186 praeter
844 3119 994 3189 Venetam,
1019 3139 1098 3189 quern
1124 3126 1192 3176 inter
1216 3125 1300 3176 lihros

149 3206 329 3259 bibliothecae
353 3207 382 3256 S.
397 3205 483 3257 Marci
500 3208 603 3258 lllumlus
628 3206 658 3266 tl.
674 3221 696 3256 c.
721 3221 781 3270 pag.
797 3205 829 3261 tt
854 3208 905 3259 sub
924 3207 971 3270 25)
989 3213 1193 3273 commemorat,
1220 3209 1301 3262 Bero-

147 3292 265 3344 linensis
285 3308 393 3359 quoque
416 3293 582 3346 bibliotheca
598 3291 683 3358 Regia
701 3295 822 3358 possidet
841 3294 940 3346 librum
964 3294 1038 3362 MS.,
1060 3296 1301 3368 membranaceum,

147 3379 192 3430 iol.
218 3377 280 3430 MS.
307 3379 366 3431 Lat.
391 3379 466 3447 246,
491 3379 550 3432 Sec.
570 3377 647 3431 XIII.
673 3395 688 3430 a
710 3382 802 3433 samnio
825 3381 855 3444 (l.
875 3397 897 3434 c.
923 3380 973 3434 Ed.
987 3381 1022 3433 II.
1042 3379 1118 3434 Tem.
1130 3379 1178 3434 IV.
1199 3399 1224 3448 p·
1240 3381 1301 3447 166)

150 3467 259 3518 iamiam
282 3473 526 3520 commemoratum.
563 3465 624 3529 Quo
652 3482 737 3532 nuper
760 3467 897 3536 inspecto,
926 3486 989 3522 mox
1013 3468 1083 3535 vidi,
1110 3485 1164 3522 non
1189 3476 1241 3522 tarn
1268 3471 1302 3522 ad

149 3552 296 3619 Bernardi,
320 3569 400 3620 quarn
426 3554 459 3605 ad
483 3559 537 3606 tres
562 3555 664 3619 priores
691 3553 895 3620 compilationes
918 3556 1053 3622 pertinere
1072 3555 1139 3608 hanc
1160 3573 1302 3610 summam.

148 3637 258 3690 Etenim
282 3639 459 3692 decretalibus
486 3641 571 3693 citatis
591 3656 645 3692 non
669 3646 770 3692 tanturn
790 3643 950 3708 saepissime
969 3641 1170 3695 addituraLib.
1183 3643 1235 3694 ltu
1255 3645 1300 3698 vel

150 3725 229 3778 „Lib
245 3722 329 3792 ut«,
354 3725 402 3778 sed
427 3743 477 3780 nec
499 3727 637 3779 titulorum
663 3729 746 3778 series
769 3734 794 3778 et
812 3729 933 3782 rubricae
952 3727 1126 3780 BernardinIs
1147 3745 1194 3796 per
1213 3733 1302 3783 omnia

148 3811 322 3878 respondent.
357 3811 389 3865 In
408 3812 477 3866 libro
496 3816 584 3880 primo
604 3814 654 3866 hos
676 3815 831 3866 intersertos
858 3814 913 3866 vidi
939 3815 1045 3866 titulos:
1073 3815 1105 3866 de
1124 3816 1302 3882 postulatione

150 3900 346 3965 praelatorum,
364 3899 398 3953 de
417 3917 469 3952 usu
486 3901 575 3968 pallii,
595 3901 627 3952 de
647 3901 776 3952 scrutinio
793 3900 931 3967 iaciendo,
954 3900 986 3952 de
1008 3901 1095 3952 allicio
1113 3903 1214 3966 vicarii,
1234 3917 1303 3968 quos

151 3985 225 4052 apud
245 3985 413 4038 Bernardurn
440 3991 485 4038 aut
507 3988 605 4039 frustra
628 3987 811 4054 quaesiveris,
837 3994 882 4039 aut
906 4003 960 4040 non
987 3973 1134 4039 summates
1159 3990 1303 4041 inveneris.

151 4072 195 4122 Ad
215 4073 297 4125 linem
318 4089 382 4125 vero
402 4073 541 4142 opusculi,
561 4074 619 4126 scil.
638 4073 810 4140 Bernardini‚
829 4075 847 4124 i.
861 4091 884 4126 e.
905 4079 965 4138 post
982 4074 1020 4124 tit.
1040 4072 1072 4124 de
1095 4089 1148 4141 reg.
1168 4077 1217 4126 iur.
1236 4075 1304 4127 redii

150 4157 301 4211 Damasina
318 4159 351 4212 ad
369 4161 522 4226 complures
546 4162 664 4226 priorum
690 4159 820 4212 librorum
847 4159 955 4225 titulos,
980 4175 1074 4212 ornnes
1093 4160 1121 4211 in
1139 4164 1216 4212 tertia
1235 4177 1305 4213 com-

152 4244 282 4309 pilatIene
310 4247 420 4313 obvios,
449 4263 498 4300 sno
522 4251 611 4298 aulem
636 4246 711 4312 loco,
738 4249 801 4313 quia
819 4247 974 4300 Bernartius
999 4261 1091 4298 eorum
1117 4261 1171 4298 non
1196 4246 1304 4300 dederat

155 4345 297 4398 summam,
318 4333 423 4386 silentio
442 4335 646 4399 praetermissus
659 4349 675 4385 a
687 4333 815 4402 Damaso,
834 4335 942 4400 quibus,
962 4333 1039 4385 cuius
1059 4332 1121 4386 libri
1141 4335 1201 4400 sint,
1222 4349 1303 4386 manu

156 4419 297 4472 recentiori
316 4419 349 4471 ad
368 4422 514 4488 marginem
533 4422 635 4486 passim
655 4421 787 4473 adiectum
806 4420 939 4474 videmus.
966 4419 1035 4472 Sunt
1047 4435 1111 4474 vero
1124 4421 1167 4472 isti
1182 4435 1303 4472 summae

152 4505 227 4556 tituli
252 4505 427 4558 additionales
453 4506 495 4558 hl:
520 4505 553 4558 de
576 4507 696 4558 translat.
718 4508 826 4574 praelat.
851 4506 944 4575 (1.5),
970 4513 999 4559 ut
1022 4507 1068 4560 lite
1088 4524 1140 4560 non
1159 4511 1307 4560 contestata

154 4596 203 4644 etc.
224 4589 273 4655 (II.
285 4590 329 4660 3),
348 4593 381 4645 de
399 4594 531 4669 confessis
550 4591 600 4656 (II.
618 4591 677 4660 10),
696 4593 729 4646 de
748 4597 897 4660 exception.
918 4593 966 4659 (II.
982 4591 1041 4660 16),
1065 4601 1094 4646 ut
1113 4593 1176 4646 sede
1193 4599 1304 4651 vacante
