3062 5174
233 175 293 240 346
618 183 816 242 annualem
844 185 895 240 ΕΤ
926 185 1086 244 aronam

233 360 373 431 puberes,
395 368 445 418 aut
465 379 538 419 unus
559 364 661 434 pubes,
683 365 755 418 alter
772 364 824 419 im·
875 363 1010 434 auditor3
1044 365 1095 422 sed
1127 366 1151 422 si
1180 367 1213 422 in
1245 373 1343 424 sctatc
1375 367 1478 424 nubili

233 458 334 530 pubes.
383 460 415 514 Si
442 461 527 517 ambo
553 461 692 532 puberes,
724 467 825 517 neuter
875 461 1058 531 dissentiunt,
1079 464 1110 518 in
1133 465 1206 520 tacis
1227 465 1376 522 ecclesiae
1394 481 1479 536 sepa-

233 557 339 627 potcrit
368 559 479 614 resilire
511 559 620 614 ratione
651 559 768 626 aetatis3
799 558 824 612 si
874 565 981 613 rentur.
1019 559 1137 616 sivero
1157 563 1262 616 mulier
1284 563 1477 618 matrimonio

233 653 318 709 ambo
338 655 519 724 impuberes,
545 662 696 726 expectare
719 653 825 710 debent
874 661 943 726 apta
963 671 1028 711 cum
1050 673 1138 728 puero
1160 657 1284 713 decenni
1306 655 1402 731 (Coti.
1419 657 1477 731 nii)

233 750 429 821 pubertatem,
457 753 514 806 nisi
535 753 608 807 forte
630 767 704 807 unus
726 767 823 807 eorum
874 753 1022 823 sponsalia
1040 755 1199 822 contrahit,
1220 756 1251 810 in
1267 753 1401 811 arbitrio
1417 757 1476 811 eins

232 849 382 919 perveniat
403 849 442 905 ad
461 848 651 919 pubertatem,
675 864 732 920 quo
754 864 822 904 casu
874 844 962 924 [est],
992 866 1057 906 cum
1084 851 1122 908 cd
1150 857 1271 909 aetatem
1293 854 1475 924 pervenerit,
1520 895 1521 900 ι

232 947 328 1001 statim
348 948 456 1018 poterit
474 947 595 1013 resilire,
617 947 718 1014 utbio,
741 945 823 1000 dum·
872 955 968 1002 utrum
997 946 1128 1004 discedat
1156 949 1204 1004 val
1235 964 1313 1018 non,
1350 965 1416 1006 non
1447 951 1474 1004 in

232 1043 317 1098 modo
352 1044 476 1106 carnalis
508 1044 614 1113 copula
644 1058 702 1099 non
733 1043 823 1098 inter·
873 1041 995 1100 arbitrio
1016 1045 1156 1102 mulieris.

234 1142 359 1208 venerit,
380 1149 413 1195 ut
433 1141 510 1194 intra
531 1154 555 1194 e.
576 1155 659 1210 prox.
703 1139 733 1195 Si
754 1151 822 1196 vero
1060 1143 1272 1156 Ἥ

231 1245 361 1308 tempore
382 1244 544 1292 contractus
566 1253 639 1292 unus
661 1243 722 1292 erat
741 1235 850 1308 pubes,
879 1237 952 1293 ulter
976 1227 1125 1309 impubes,
1153 1235 1243 1307 pubes
1271 1253 1333 1296 non
1367 1241 1476 1312 poterit

230 1335 357 1402 resilire,
387 1333 438 1390 sad
458 1334 514 1389 hoc
535 1335 588 1389 erit
608 1335 639 1388 in
660 1341 799 1405 potestate
827 1333 1002 1406 impuberis,
1031 1350 1095 1390 cum
1116 1335 1280 1406 pervenerit
1302 1336 1343 1391 ad
1367 1337 1474 1408 puber·
1520 1381 1521 1406 ι

230 1440 331 1487 tatem:
361 1431 412 1488 aad
434 1433 482 1486 hic
503 1430 706 1504 distinguitur,
737 1447 794 1504 quo
819 1439 947 1502 tempore
966 1423 1057 1503 pubes
1079 1431 1236 1487 divortium
1256 1439 1352 1503 petat.
1402 1433 1472 1488 Nam
1520 1433 1521 1486 i

230 1530 255 1584 si
276 1537 429 1600 antequam
450 1528 583 1599 impubes
603 1529 755 1600 perveniat
776 1527 814 1584 ati
835 1535 973 1596 aetatem,
998 1529 1080 1599 prius
1100 1527 1260 1584 monendus
1281 1533 1344 1597 cst,
1370 1537 1407 1586 ut
1429 1530 1472 1586 dc·

229 1627 311 1681 sistat
331 1632 358 1681 et
379 1633 525 1696 expectet3
556 1626 686 1698 alioquin
715 1625 865 1694 audietur,
894 1633 925 1681 ut
944 1627 1021 1681 iutra
1042 1624 1106 1681 eod.
1128 1636 1153 1680 o.
1173 1625 1233 1695 ult3
1262 1627 1288 1680 si
1317 1641 1395 1683 vcro
1424 1627 1472 1682 ille

230 1724 281 1794 qui
306 1730 366 1778 erat
393 1723 484 1793 pubes
514 1724 583 1794 quie
611 1731 737 1794 temporo
766 1730 929 1778 contractus
957 1727 1037 1793 petat
1064 1721 1220 1778 divortium
1249 1729 1389 1793 tempore
1418 1739 1470 1795 quc

227 1819 279 1872 ille
296 1820 345 1890 qui
360 1828 419 1874 erat
433 1821 565 1891 impubes
581 1827 609 1875 at
622 1820 714 1874 iactus
729 1827 771 1874 cst
791 1818 924 1891 impubes
946 1827 974 1874 ot
994 1820 1136 1876 consentit
1156 1819 1344 1876 matrimonio
1370 1816 1468 1895 (siet),

228 1923 296 1972 tunc
311 1917 494 1986 repellendus
510 1924 552 1972 est
567 1925 733 1989 argumento
747 1917 831 1971 istius
848 1931 922 1986 cap,
944 1916 1013 1972 licet
1027 1931 1085 1971 nou
1105 1922 1212 1986 putem,
1233 1917 1311 1972 inter
1333 1933 1388 1974 eos
1411 1933 1468 1972 cese
1520 1971 1521 2008 ,

228 2015 362 2084 copulam
392 2015 589 2086 coniugalem,
618 2021 649 2068 ut
675 2013 706 2068 in
735 2029 846 2068 summa
872 2014 960 2068 huius
987 2014 1031 2068 tit.
1053 2013 1170 2084 plenius
1191 2014 1351 2069 invenitur.
1400 2016 1467 2070 Cum
1520 2063 1521 2084 ,

227 2111 304 2165 enim
326 2125 482 2182 numquam
504 2111 604 2166 eodem
625 2117 751 2180 tempore
772 2111 840 2166 tatis
861 2111 936 2166 inter
957 2125 1006 2166 eos
1027 2125 1182 2166 consensus
1204 2111 1306 2178 fucrit,
1334 2111 1391 2182 qni
1413 2113 1468 2166 sut·
1520 2115 1521 2124 ¹

228 2209 324 2263 ficeret
344 2207 382 2262 ad
406 2208 632 2263 contrabendum
658 2208 890 2276 matrimonium,
919 2214 1021 2276 restat,
1052 2213 1084 2262 ut
1111 2222 1170 2264 non
1198 2206 1284 2262 fuerit
1310 2207 1394 2264 iuter
1422 2223 1467 2263 eos

228 2305 376 2359 vinculum
404 2305 572 2376 coniugata,
601 2305 670 2375 quia
696 2320 753 2359 uon
769 2299 795 2376 ⁸)
823 2305 855 2359 in
877 2305 930 2359 illo
952 2309 1080 2374 tempore
1101 2305 1292 2377 coniugalitcr
1312 2317 1467 2360 consenso

229 2407 310 2470 runt,
339 2402 421 2458 nullo
443 2416 510 2473 ergo
531 2407 659 2472 tempore
679 2402 896 2456 matrimonium
920 2407 1141 2470 contraxeruut3
1170 2415 1236 2456 nam
1257 2408 1326 2456 ante
1348 2400 1466 2456 nubiles

229 2513 319 2554 annos
341 2500 522 2572 coniugalem
543 2513 690 2554 assensum
712 2513 770 2554 non
791 2498 916 2566 habent,
936 2504 969 2552 ιι
989 2497 1066 2553 intra
1086 2511 1110 2553 c.
1132 2511 1215 2569 prox.

663 2687 702 2756 Ο.
727 2689 776 2756 10.
818 2695 847 2753 A
866 2692 951 2754 nobie
971 2699 1023 2752 etc.

267 2835 422 2892 Distinctio
451 2836 526 2890 tacta
550 2835 580 2890 in
602 2835 747 2906 superiori
768 2847 817 2889 cx·
907 2833 962 2890 Hic
992 2833 1068 2890 idem
1103 2831 1226 2902 dicitur,
1261 2831 1343 2904 quod
1375 2851 1462 2906 supra

227 2934 355 3004 ponitur.
389 2963 428 2972 -
466 2931 632 3004 coniugalem
662 2949 817 2988 consensum
868 2945 931 3002 cap.
958 2945 1041 3002 prox.

226 3049 280 3086 aon
313 3031 427 3085 babeat.-
469 3029 651 3100 Opponitur,
687 3029 717 3084 in
752 3029 818 3100 ipsa

227 3127 464 3198 desponsatione,
495 3142 568 3196 quac
591 3126 762 3198 praecessit,
790 3125 866 3180 inter
888 3139 935 3180 eos
956 3125 1013 3180 fuit
1034 3139 1188 3180 consensus
1210 3123 1394 3196 coniugalis,
1423 3141 1460 3180 ar.

227 3223 365 3282 (LXXX.
390 3217 541 3294 qu2Ubi
561 3220 600 3296 (c.
622 3220 704 3296 un.);
738 3222 810 3296 quid
833 3228 980 3294 astorgo,
1010 3219 1088 3293 quod
1114 3219 1164 3276 bic
1193 3213 1321 3275 dicitur?
1358 3221 1460 3294 Resp.:

226 3321 339 3376 duobus
364 3321 457 3376 modis
486 3320 594 3376 dicitur
620 3335 775 3376 consensus
804 3317 966 3392 coniugalis
995 3318 1070 3373 sicut
1097 3324 1126 3372 et
1152 3316 1258 3388 pechio
1286 3318 1459 3390 coniugalis,

225 3419 284 3472 alia
304 3419 463 3490 praesentis
485 3418 614 3491 coniugii
637 3424 669 3472 ut
688 3417 752 3485 hic,
780 3417 840 3472 alia
861 3415 968 3486 futuri,
996 3422 1027 3469 ut
1047 3413 1100 3468 ibi.
1121 3442 1161 3454 —-
1182 3415 1273 3469 cornis
1294 3417 1460 3470 commacu:

225 3515 296 3570 Nam
318 3515 361 3570 ibi
383 3516 476 3571 coitus
497 3517 612 3588 supplet
636 3520 773 3582 aetatem,
802 3519 830 3569 et
851 3513 1003 3584 suppletur
1023 3511 1054 3565 in
1075 3509 1183 3566 sillaba
1204 3505 1304 3584 (sict),
1327 3511 1411 3584 quod
1431 3513 1459 3566 in

226 3613 403 3684 temporibus
425 3612 519 3682 deest3
541 3629 608 3668 nam
629 3619 656 3668 et
676 3611 789 3667 malitia
810 3607 927 3681 supplet
947 3613 1083 3677 acutum,
1105 3613 1137 3663 ut
1156 3607 1234 3662 iufra
1254 3605 1320 3663 eod.
1343 3607 1388 3664 De
1410 3609 1461 3663 iltis

225 3706 263 3780 (c.
281 3704 334 3783 12)
354 3716 382 3766 ct
403 3709 474 3766 Ccd.
495 3711 522 3766 si
541 3710 635 3766 minor
656 3725 685 3764 sc
707 3709 807 3764 maior.
830 3706 897 3762 dix,
912 3707 946 3764 L.
960 3699 989 3763 4.

1054 3030 1267 3040 -.....-..-—-

304 3889 312 3929 ’
651 3905 763 3974 0:11.
806 3909 842 3972 Si
860 3909 965 3988 puello
985 3915 1038 3972 eta
1143 3953 1145 3961 .

265 4055 328 4110 Non
353 4063 471 4126 possunt
499 4071 518 4108 o
539 4032 670 4124 'pactione
700 4053 817 4124 nuptiali
972 4047 1078 4106 Adhuc
1097 4047 1175 4107 men
1196 4047 1351 4118 reperitur.

227 4156 364 4208 recedere:
387 4153 522 4225 Signatus
542 4151 716 4207 contrarium
730 4165 818 4223 supra
1520 4187 1521 4200 ,

228 4249 368 4306 CXXX.
392 4242 474 4320 qu.2
497 4249 564 4316 Ubs',·
585 4248 636 4303 sed
657 4243 798 4318 quodibi
823 4243 930 4300 dicitur
952 4244 1000 4307 ,in
1023 4242 1211 4308 cunabulist,
1232 4240 1459 4314 intelligendum

227 4354 268 4404 est
299 4354 382 4410 „ante
410 4347 628 4417 septennium«,
656 4349 690 4398 ut
714 4359 754 4398 er.
784 4358 871 4414 supra
891 4339 954 4398 eod.
976 4339 1095 4396 Litterae
1116 4335 1156 4412 (c.
1172 4333 1206 4412 5)
1226 4365 1266 4378 --
1287 4340 1374 4394 octota'
1388 4355 1458 4410 pro-

226 4445 315 4498 simu:
346 4443 420 4498 Satis
449 4443 558 4499 dictum
586 4447 629 4496 est
656 4453 743 4511 supra
769 4438 964 4510 deprominus
990 4436 1157 4510 pubertati,
1185 4442 1212 4491 et
1239 4435 1272 4490 in
1298 4435 1388 4492 buius
1413 4436 1455 4491 tit

226 4555 346 4602 summa.
843 4547 845 4559 ·
