3100 5180
460 233 579 292 GASUS
610 231 898 292 cacuminatum.
1237 225 1296 292 329

62 413 302 484 praeceptumde
320 411 433 469 sabbati
456 412 656 468 observatione
706 428 761 483 pus
787 411 936 484 Gregorii3
969 411 1075 467 exinde
1105 411 1297 482 spiritualiter
1360 435 1365 462 t

61 517 106 566 est
119 507 343 566 observandum.
366 509 423 566 Sed
437 511 570 582 intellige
581 508 658 564 illud
706 509 912 582 intelligimus,
941 510 1005 565 scil.
1034 516 1066 564 ut
1093 525 1110 564 o
1136 509 1222 564 malis
1246 524 1297 562 va·

62 613 252 678 praeceptum
274 605 446 679 dupliciter,
473 605 511 661 ed
525 606 658 679 ¹litteram
707 621 813 662 cemus.
861 605 933 662 Nem
961 607 987 660 si
1017 606 1055 661 ad
1085 606 1210 662 litteram
1241 606 1297 660 hoc

62 712 92 759 et
113 703 321 774 spiritualiter,
350 712 383 759 ut
402 705 440 758 sit
460 719 559 760 sensus
583 719 657 766 „me-
707 717 896 772 servaremus,
917 719 935 758 o
955 703 1046 760 simili
1066 704 1175 758 vitulos
1196 709 1225 758 ct
1237 702 1297 758 hir·

62 809 162 858 mento
193 801 371 857 sanctificare
406 799 483 856 diem
512 799 656 869 sabbati⁸‚
707 815 755 857 cos
772 809 801 856 et
821 802 925 856 arietes
945 808 974 856 et
993 801 1103 856 similia
1122 800 1297 856 sacrificare-

62 899 83 952 i.
106 913 130 956 e.
160 913 275 954 seruare
301 897 351 953 hic
378 899 507 970 requiem
536 898 657 954 avitiis
707 913 770 954 mus
798 897 836 952 ad
864 897 1007 966 litteram,
1039 896 1118 970 quo'd
1145 903 1218 954 esset
1246 895 1296 952 ab·

63 1002 92 1052 ci
127 996 160 1050 in
199 997 295 1050 iuturo
337 1001 488 1068 expectare
529 995 656 1067 requiem
708 994 835 1051 surdum.

62 1098 226 1161 aeternam3
258 1090 411 1148 sabbatum
439 1093 517 1148 enim
544 1093 657 1163 requies

61 1190 277 1260 interpretatur.
326 1188 401 1261 Ergo
423 1187 580 1244 secundum
601 1189 728 1244 litteram
748 1188 873 1259 pertinet
893 1187 932 1243 ad
953 1188 1168 1256 ceremonialia,
1197 1203 1297 1244 secun-

62 1287 132 1341 dum
149 1301 217 1342 vero
232 1287 413 1356 spiritualem
427 1285 651 1358 intelligentiam
665 1285 703 1339 ad
716 1285 855 1354 moralie3
877 1287 985 1342 suflicit
1002 1289 1097 1340 autem
1111 1292 1297 1356 praeceptum

62 1383 257 1453 spiritualiter
270 1382 433 1452 observare,
455 1398 495 1438 nr.
512 1383 543 1438 Ο.
555 1381 664 1440 XXIIL
681 1396 728 1453 qu.
739 1376 760 1438 4
772 1380 887 1438 Amulio
900 1378 940 1455 (o.
951 1375 997 1455 8),
1017 1382 1145 1440 Recedite
1160 1380 1199 1457 (c.
1211 1376 1254 1458 9).

493 1555 532 1624 C.
553 1557 583 1623 4.
628 1559 793 1621 Tramlato
815 1567 868 1620 cic.
931 1646 937 1652 .

145 1701 342 1758 Sacerdotium
370 1708 398 1758 et
424 1703 474 1758 lex
501 1708 568 1758 sunt
594 1717 741 1769 connexa3
768 1717 836 1774 ergo
860 1716 924 1756 cum
945 1701 1030 1756 Petro
1051 1699 1234 1756 commissum
1255 1704 1298 1756 est

64 1798 258 1856 sacerdotium
273 1795 299 1873 Ι)
320 1799 374 1855 sub
395 1800 441 1856 his
463 1798 575 1856 verbis:
606 1799 712 1862 ‚Pasce
732 1813 801 1854 oves
821 1806 933 1865 mistis,t
957 1799 1066 1870 etipse
1087 1795 1259 1868 spospondit
1271 1791 1297 1870 ⁸)

64 1897 190 1952 Domino
211 1895 326 1952 dicens:
360 1895 516 1964 „Domine,
546 1902 576 1950 tu
597 1896 670 1964 sois,
698 1895 768 1968 quia
794 1911 857 1950 amo
886 1901 945 1962 te‚“
978 1900 1105 1962 constat,
1134 1895 1203 1966 quia
1223 1893 1296 1964 legis

64 1988 291 2066 observantia')
318 2008 376 2048 non
405 1999 455 2066 est,
473 1992 552 2064 apud
572 1992 710 2062 ludaeos,
739 1991 791 2048 sed
818 1990 897 2064 apud
918 1991 1034 2048 Petrum
1063 1998 1092 2047 et
1118 2007 1200 2059 suos3
1230 2005 1296 2046 nam

64 2087 145 2162 quod
166 2088 273 2146 dicitur
294 2089 329 2146 de
350 2106 424 2158 uno,
450 2096 477 2146 et
498 2089 534 2146 de
555 2090 654 2146 aliero.

503 2261 542 2330 C.
563 2263 594 2331 5.
638 2265 789 2344 Testiticor
810 2275 863 2328 etc.

144 2407 207 2475 Qua
227 2408 338 2464 ratione
359 2409 466 2480 aliquis
487 2414 531 2464 est
551 2407 666 2464 debitor
685 2408 774 2480 legis,
797 2413 828 2462 ut
842 2423 872 2463 se
893 2406 931 2462 ad
951 2408 1077 2464 litteram
1097 2405 1296 2475 circumcidat,

62 2505 164 2559 eadem
186 2505 294 2560 ratione
316 2512 344 2560 et
364 2507 462 2561 omnia
482 2506 687 2562 ceremonialia
706 2505 727 2560 i.
742 2521 765 2560 e.
788 2505 860 2560 festa
874 2503 1046 2562 Indaeorum
1060 2499 1087 2578 ⁸)
1108 2504 1146 2560 ad
1171 2505 1297 2560 litteram

62 2609 176 2658 tenetur
198 2601 360 2658 observare.

478 2745 517 2814 C.
539 2747 569 2814 6.
610 2749 655 2808 Ne
675 2751 817 2810 incitatis
836 2757 891 2811 etc.

552 2879 607 2934 Per
627 2894 658 2936 se
677 2884 757 2950 patet
772 2873 806 2952 ⁰).

391 3069 429 3136 C.
451 3073 481 3136 7.
524 3073 605 3134 Nam
626 3076 896 3151 concupucmtiam
917 3081 969 3134 etc.

144 3212 204 3265 Lex
225 3209 312 3265 dicit:
344 3225 417 3272 ..non
445 3211 664 3282 concupisces;“
697 3212 794 3266 omnia
821 3211 899 3266 mala
923 3209 1074 3282 prohibat,
1103 3209 1172 3282 quia
1192 3223 1296 3264 concu-

61 3309 208 3379 piscentia
228 3313 271 3361 esi
291 3314 381 3362 maior
402 3307 529 3362 omnium
550 3309 700 3364 mulorum.

107 3405 207 3460 Οπιηία
233 3407 307 3460 mobr
329 3406 470 3477 prolibat,
500 3403 564 3459 scil.
586 3421 660 3460 mor-

68 3503 150 3558 talia.

603 3585 763 3596 ......—.-..

268 3618 297 3658 l

160 3747 209 3808 lit
230 3749 256 3808 2.
300 3748 344 3810 its
370 3749 572 3824 rescriptis
599 3750 635 3809 et
661 3763 780 3810 corum
807 3749 1201 3824 interpretationibus.

452 3894 490 3961 O.
515 3897 543 3961 i.
586 3899 672 3960 Sicut
692 3901 839 3959 Romana
859 3905 910 3958 cic.

107 4035 143 4090 Ut
167 4035 221 4090 sibi
246 4036 326 4090 liceat
352 4037 507 4107 appelbrre:
535 4035 594 4092 Sed
620 4035 657 4092 ad
748 4035 888 4092 Dominus
911 4035 944 4090 G.
970 4037 1140 4106 rescriptum
1161 4035 1199 4092 ad
1219 4037 1295 4092 iudi-

63 4131 139 4205 quid
159 4133 269 4203 proluit
289 4130 368 4188 istud
389 4123 569 4203 rescriptum,
592 4149 657 4190 oum
690 4150 754 4200 ¹ces
775 4133 972 4205 appellatione
997 4140 1105 4188 remota
1131 4133 1297 4204 impetravit

68 4291 341 4304 ’,ψ-υ..

61 4381 160 4447 puniat.
223 4379 246 4444 ⁴)
268 4379 659 4448 contenebrantem
719 4385 743 4444 ⁵)
764 4383 830 4438 (iod.
849 4383 892 4436 Fr.
916 4385 960 4437 hic
986 4399 1094 4451 quoque
1118 4383 1192 4436 addii
1209 4391 1233 4434 et
1249 4383 1295 4436 lez.

63 4451 89 4516 ⁸)
111 4449 143 4502 ln
163 4455 277 4516 utroque
292 4449 359 4504 Ood.
378 4452 439 4505 cum
458 4454 584 4506 obveniat
600 4453 746 4518 spospondit,
767 4455 841 4507 nolui
861 4452 1007 4521 quidquam
1026 4459 1134 4506 mutare.
1188 4452 1211 4506 'i
1230 4453 1296 4505 Cod.

64 4521 144 4572 Mon.
171 4519 313 4572 obseruatio.
371 4522 394 4587 ⁸)
417 4519 478 4575 Non
504 4521 613 4574 exhibet
637 4521 703 4574 coo.
729 4521 805 4576 Mon.
824 4523 840 4575 i.
854 4540 874 4576 e.
893 4524 964 4590 sesto
987 4520 1140 4590 ,Iudaeorum
1202 4519 1226 4585 ⁹)
1251 4523 1296 4591 Sic

66 4590 136 4654 βοὰ.
155 4587 244 4654 Mon.;
263 4591 291 4644 in
309 4589 430 4652 Francos.
448 4591 515 4655 ialqo
533 4590 632 4658 legitur
646 4591 733 4673 placet
894 4594 897 4606 ’
1216 4593 1219 4604 ’
