3098 5184
555 229 788 288 unruoms.
1189 227 1289 288 XXIX

82 407 145 471 band
163 407 238 472 licuit
259 423 397 488 sperare,
427 407 454 470 si
477 413 625 470 cartorum
648 405 784 470 ecdicum
805 404 962 486 lectiones,
983 403 1143 470 dummodo
1162 423 1289 470 consen·

81 519 152 580 tinent
170 519 244 580 inter
264 535 307 596 se,
334 535 453 597 semper
474 523 504 580 et
524 493 633 597 ubique
655 515 778 578 aliorum
800 515 958 592 contextui,
982 513 1171 596 qualisqualis
1191 514 1289 598 fuerit,

82 627 282 708 praeponendas
305 626 488 705 curaverim,
518 644 616 706 neque
644 625 681 688 ab
710 625 766 688 illis
788 626 982 705 recesserim,
1009 625 1066 688 uisi
1086 625 1136 690 ubi
1157 628 1287 706 ipsorum

80 737 230 818 depravatio
252 744 332 800 esset
352 737 383 798 in
405 736 515 816 aprico.
554 734 612 799 Sed
635 753 688 816 pro
710 753 745 799 re
766 741 832 798 nata
850 733 998 812 morbos,
1020 753 1090 798 mox
1106 735 1172 799 illos
1186 736 1289 814 libros,

78 865 185 927 quorum
211 848 240 910 in
267 845 391 928 singulis
418 845 509 910 libelli
536 845 610 908 locis
639 845 775 908 veriores
803 851 834 908 et
860 844 1005 908 rectiores
1027 843 1097 906 mihi
1119 844 1289 908 viderentur

77 955 218 1035 lectiones,
246 957 322 1020 inter
349 962 459 1020 tantam
487 956 618 1037 ipsamm
648 956 818 1020 varietatem
847 957 932 1034 sequi
961 953 1077 1035 placuit.
1120 953 1287 1036 Aliquando

76 1065 143 1125 enim
162 1072 277 1128 ceteros
299 1083 404 1128 omnes
426 1064 474 1128 vel
494 1066 546 1128 uni
575 1072 756 1146 postponere
776 1062 855 1128 haud
876 1063 1013 1142 dubitavi,
1034 1063 1063 1126 in
1085 1080 1144 1144 quo
1159 1063 1289 1144 genuina

76 1174 187 1236 auctoris
214 1173 306 1238 verba
333 1191 493 1256 superesse
515 1173 668 1238 habuerim
697 1171 867 1254 prohabile3
896 1174 1011 1252 quoties
1042 1189 1129 1251 vero,
1159 1189 1236 1254 quac
1257 1173 1287 1234 in

75 1283 183 1362 singuiis
208 1283 360 1348 codicibus
392 1283 588 1348 occurrebant
618 1284 716 1346 variae
742 1281 903 1362 lectiones,
926 1281 1096 1346 tolerabiles
1117 1281 1290 1344 videbantur

75 1409 175 1470 omnes,
196 1411 294 1474 neque
316 1391 375 1455 ulla
397 1393 507 1456 ceteris
529 1391 644 1466 melior,
666 1393 745 1472 quod
768 1409 854 1472 quam
876 1393 1051 1472 saepissime
1069 1399 1129 1457 tum
1145 1392 1174 1454 in
1191 1391 1289 1454 verbis

74 1499 179 1562 obvenit
206 1501 340 1566 eiusdem
373 1503 514 1567 similisve
541 1503 707 1584 argumenti
736 1509 765 1564 et
792 1517 916 1580 sensus,
948 1509 1007 1564 tum
1035 1504 1064 1566 in
1096 1500 1288 1566 coniunctivis

74 1609 306 1692 auxiliaribusque
330 1611 427 1676 verbis
452 1612 557 1676 additis
587 1613 760 1690 omissisve,
783 1611 938 1694 equidem,
967 1613 998 1674 ni
1021 1612 1091 1693 quid
1112 1611 1190 1675 aliud
1212 1630 1239 1674 e.
1255 1627 1286 1692 g.

74 1717 192 1782 eiusdem
213 1719 298 1784 verbi
318 1721 473 1786 iniucunda
496 1722 646 1785 reiteratio
668 1721 809 1798 obstaret,
832 1723 935 1787 maiori
960 1721 1144 1784 librariorum
1161 1738 1288 1786 numero

74 1827 181 1906 palmam
206 1831 376 1894 concedere
406 1813 545 1912 optimum
574 1849 644 1894 esse
665 1831 744 1894 duxi.
788 1832 864 1905 Quid
892 1832 970 1913 quod
999 1830 1048 1894 vel
1078 1831 1288 1911 grammatices

73 1937 176 2017 regulas
204 1941 270 2002 sinc
298 1941 357 2003 ulla
390 1941 605 2024 postposuerim
634 1940 845 2021 haesitatione,
875 1959 941 2004 cum
968 1939 1149 2022 singularem
1177 1945 1287 2004 tanturn

75 2045 131 2108 nili
157 2047 262 2131 liceret
290 2067 343 2130 pro
374 2067 412 2112 eo
440 2051 580 2132 loquendi
601 2051 689 2114 modo
711 2051 876 2132 producere
898 2058 1022 2129 testem,
1044 2050 1094 2132 qui
1114 2049 1170 2112 illis
1191 2049 1287 2131 mags

76 2155 253 2220 conveniret?
297 2159 398 2223 Sciunt
419 2161 498 2224 enirn
519 2178 640 2239 omnes,
670 2167 852 2242 quantopere
877 2161 908 2224 in
929 2162 1140 2242 grammaticen
1160 2177 1288 2240 peccare

74 2263 170 2329 soleant
197 2267 248 2330 vel
277 2268 418 2332 meliores
445 2269 534 2332 medii
562 2271 629 2332 aevi
657 2271 834 2350 scriptores,
863 2271 987 2350 eiusque
1015 2270 1135 2352 regulas
1157 2269 1195 2332 ab
1215 2270 1287 2350 ipsis

74 2377 228 2455 saepissime
252 2377 301 2440 vel
321 2379 352 2440 in
373 2379 498 2460 singulis
520 2379 634 2461 negligi
655 2380 795 2460 periodis,
821 2399 919 2460 neque
941 2380 1035 2445 solum
1058 2379 1210 2460 probabile
1232 2387 1287 2456 est,

72 2483 115 2545 sed
140 2492 168 2548 et
194 2486 233 2550 ab
260 2487 324 2550 aliis
352 2490 581 2568 praemonitum,
614 2488 748 2552 librarios
780 2506 840 2552 non
874 2490 903 2550 in
936 2489 1104 2571 repetendis
1135 2496 1287 2552 auctorum

71 2593 168 2674 scriptis
189 2595 376 2676 substitisse,
405 2598 459 2662 sed
484 2598 560 2662 haud
582 2616 649 2660 raro
671 2599 874 2678 pro-ipsorum
897 2597 1037 2664 librorum
1060 2617 1130 2663 sese
1151 2600 1287 2680 gessisse

72 2705 283 2769 correctoribus.
326 2706 371 2770 Ne
394 2725 481 2787 vero,
512 2727 585 2789 quas
613 2709 677 2789 ipso
702 2714 798 2770 rectas
819 2707 989 2786 habuerim,
1011 2709 1075 2772 aliis
1097 2709 1288 2773 obtruderem

71 2808 215 2895 lectiones,
245 2816 413 2898 nimiaeque
443 2819 473 2880 in
503 2819 707 2898 memetipsum
736 2815 859 2880 llduciae
886 2835 1007 2898 possem
1039 2820 1177 2900 coargui,
1208 2837 1286 2882 neve

72 2921 169 2986 meliori
197 2925 321 2988 aliorum
338 2929 514 3000 sententiae
546 2926 794 3008 praeiudicarem,
824 2926 932 2990 lactum
961 2935 1022 3006 est,
1052 2936 1084 2992 ut
1112 2945 1217 2992 omnes
1239 2927 1287 2990 vel

72 3030 239 3098 minutissimi
261 3038 400 3100 momenti
420 3037 578 3100 lectiormm
599 3038 755 3100 variantes
777 3037 806 3098 in
828 3038 904 3100 notis
936 3039 1101 3100 curaverim
1123 3056 1285 3102 recensen-

71 3136 120 3220 das,
139 3162 320 3226 prorsusque
342 3145 423 3221 nihil,
447 3147 525 3228 quod
547 3149 576 3210 in
597 3147 748 3210 codicibus
770 3145 917 3225 obveniat,
940 3147 1056 3212 silentio
1071 3148 1284 3229 praeterierim,

70 3249 114 3312 nisi
131 3259 177 3316 aut
197 3255 312 3318 incuria
333 3263 381 3318 aut
401 3275 482 3320 casu.

136 3359 166 3424 ld
187 3381 262 3426 aero
291 3363 328 3428 de
357 3365 449 3430 solius
478 3373 632 3433 contextus
657 3366 837 3430 recensione
858 3365 967 3431 dictum
990 3385 1059 3432 esse
1081 3369 1167 3432 scias.
1210 3367 1284 3436 Nam

69 3465 91 3526 iu
109 3468 311 3554 distinguendo
333 3481 421 3556 atque
442 3476 678 3558 interpungendo
692 3475 835 3539 Bernardi
850 3493 990 3540 sermone
1005 3494 1064 3540 non
1078 3485 1137 3540 tam
1153 3477 1283 3556 codices,

70 3592 141 3654 quam
160 3601 269 3662 meum,
292 3584 496 3666 qualecunque
518 3587 564 3664 sit,
586 3586 725 3650 iudicium
747 3603 814 3648 eam
835 3587 1018 3666 potissimum
1040 3587 1078 3650 ob
1101 3605 1219 3652 causam
1235 3605 1283 3652 sc-

70 3693 137 3751 ottus
158 3710 233 3773 sum,
257 3693 336 3774 quod
356 3694 606 3776 paragrapborum
628 3697 714 3777 signa
736 3703 765 3758 et
787 3694 988 3760 diversissime
1011 3716 1028 3758 a
1050 3697 1174 3760 diversis
1195 3697 1282 3762 libra·

68 3797 107 3858 riis
126 3806 154 3862 et
174 3819 230 3882 pro
251 3802 345 3867 lubitu
358 3803 460 3884 plane,
489 3805 558 3884 quin
579 3805 816 3868 irrationabiliter
836 3807 968 3886 apposita
995 3824 1064 3870 esse
1086 3807 1161 3886 vidi3
1184 3825 1281 3888 neque

68 3920 161 3985 operae
181 3912 305 3992 pretium
327 3912 432 3993 hahui,
455 3931 514 3994 quo
535 3913 602 3976 loco
624 3922 653 3978 et
675 3915 772 3994 qualia
792 3916 878 3978 huius
901 3917 1022 3998 generis
1043 3917 1129 3998 signa
1151 3918 1180 3980 in
1203 3916 1284 3981 codi-

68 4014 138 4080 cibus
157 4029 332 4100 occurrant,
358 4022 487 4086 lectores
516 4023 616 4088 lacere
646 4027 798 4088 certiores.
841 4025 885 4088 De
913 4026 960 4090 his
988 4026 1087 4108 itaque
1117 4027 1146 4090 id
1172 4035 1282 4090 tantum

67 4130 201 4194 monuisse
224 4131 320 4195 liceat.
355 4131 411 4197 Per
434 4149 539 4196 omnes
560 4133 624 4196 lere
648 4135 754 4212 titulos,
778 4153 854 4216 quae
876 4136 1099 4200 introductionis
1116 4137 1201 4219 quasi
1214 4137 1282 4202 loco

67 4230 217 4304 bernardus
238 4242 395 4321 praemittit
415 4241 453 4304 de
476 4243 696 4323 quaestionibus
718 4246 919 4327 exponendis,
944 4245 981 4309 ab
1002 4248 1131 4328 ipsarum
1154 4246 1282 4327 expliea-

67 4343 132 4408 tione
159 4351 260 4412 curavi
287 4351 488 4432 seiungenda,
518 4352 711 4435 similiterque
732 4355 887 4435 notabilia,
910 4374 986 4436 quae
1007 4356 1162 4434 adduntur,
1185 4355 1222 4416 ab
1244 4373 1280 4418 ea

67 4460 201 4534 separavi3
222 4459 277 4524 sed
299 4467 338 4538 et,
362 4461 391 4524 ni
411 4459 487 4524 lorte
506 4463 659 4545 longiores
675 4465 782 4528 exinde
798 4483 942 4528 evasuras
957 4464 1081 4530 luissent
1095 4463 1280 4546 paragraphi,

68 4557 155 4628 buum
184 4569 489 4652 circumscriptionem,
517 4591 735 4657 numerosque,
769 4593 844 4657 quos
876 4576 1003 4656 ipsemet
1034 4575 1131 4638 addidi
1161 4577 1281 4658 proprio
