3098 5184
254 219 369 277 XXXII
735 221 1007 280 PRAEFATIO

337 397 373 472 2)
394 395 496 459 Codex
516 395 703 472 tielensis,
723 397 976 480 membranaceus,
997 401 1028 464 in
1050 401 1120 466 folio
1142 403 1255 481 maiori,
1277 401 1347 466 olim
1362 403 1487 466 Halber-

253 506 420 584 stadiensis,
442 523 520 568 nunc
540 505 583 568 Ye
600 503 641 570 80
662 507 813 586 signatus,
834 517 953 590 praeter
979 529 1123 575 summam
1145 511 1287 576 Bernardi
1307 512 1487 574 breviarium

252 615 342 696 idque
356 614 519 696 glossatum
533 615 661 694 exhibet,
678 623 708 678 et
722 614 913 680 decretalium
928 621 1035 683 exinde
1050 629 1251 684 emanaturum
1265 621 1471 702 appendicem.

336 725 402 806 lpse
423 724 650 805 compilatio,
673 727 756 789 cuius
778 733 878 808 utpote
899 730 979 810 prius
996 731 1123 812 scriptae
1138 731 1232 812 primo
1246 731 1314 794 loco
1331 731 1425 794 danda
1442 733 1488 794 vi-

252 833 337 898 detur
358 835 534 915 descriptio,
557 853 661 898 eorum
683 835 816 900 loliorum
839 838 896 916 96,
919 857 995 920 quae
1016 858 1095 902 nunc
1113 840 1189 904 libro
1211 842 1411 918 continentur,
1433 860 1489 904 ex-

250 944 311 1024 plet
330 943 382 1010 86.
425 944 484 1009 Sed
506 945 615 1008 deesse
635 947 751 1008 tertium
780 950 1019 1028 quaternionem,
1051 967 1118 1012 cum
1146 969 1185 1014 ex
1213 949 1279 1014 libri
1307 951 1487 1032 compagine

252 1061 348 1133 patet,
381 1061 442 1116 tun
471 1073 510 1117 ex
538 1053 691 1117 custodum
720 1058 1006 1139 quaternionumque
1033 1060 1193 1142 interrupta
1219 1060 1300 1124 serie
1329 1067 1417 1141 atque
1447 1079 1489 1122 ex

251 1163 465 1244 compilationis
494 1171 589 1244 textu,
618 1183 686 1227 narn
715 1166 822 1230 desinit
848 1167 898 1230 iol.
923 1169 961 1234 16
989 1169 1087 1232 medio
1111 1171 1141 1232 in
1162 1188 1225 1250 cap.
1248 1187 1296 1230 un.
1319 1168 1356 1232 de
1378 1169 1486 1232 ordine

250 1274 423 1336 iudiciorum
445 1273 494 1350 (ll.
509 1273 544 1349 b)
567 1275 648 1337 verb.
670 1280 820 1355 quendam
841 1283 875 1340 in
894 1285 1014 1358 virum,
1035 1287 1125 1360 atque
1146 1280 1246 1359 incipit
1266 1278 1317 1346 iol.
1338 1280 1376 1343 17
1398 1277 1486 1340 verb.

249 1388 455 1463 aliquantam
474 1385 585 1450 obde
606 1385 846 1466 appellationibus
869 1388 917 1464 (ll.
932 1387 998 1464 20).
1040 1389 1140 1464 Folia,
1162 1407 1239 1470 quae
1259 1389 1290 1450 in
1310 1387 1406 1452 fronte
1427 1407 1486 1468 ge-

251 1501 319 1556 runt
342 1494 479 1570 „L.1.11.
497 1501 573 1558 ete.“
597 1495 720 1558 duarum
741 1498 839 1559 omnia
860 1505 927 1560 sunt
942 1498 1152 1577 columnarum,
1174 1498 1232 1562 bae
1247 1515 1319 1562 vero
1333 1497 1374 1564 45
1387 1497 1486 1566 linea·

249 1621 324 1682 rum,
347 1604 404 1666 nisi
422 1603 515 1666 sicubi
536 1603 680 1684 librarius,
704 1624 743 1668 ex
763 1607 875 1670 incuria
897 1626 956 1670 uno
977 1607 1109 1672 alterove
1130 1608 1256 1689 capitulo
1278 1614 1327 1670 aut
1344 1609 1374 1670 in
1389 1615 1484 1668 toturn

248 1713 361 1778 omisso
382 1721 432 1776 aut
452 1732 506 1796 pro
529 1715 672 1795 parte⁵⁵),
697 1716 837 1780 breviarii
857 1725 967 1780 textum
988 1719 1019 1780 in
1041 1718 1211 1780 inleriorem
1234 1719 1398 1797 marginem
1414 1735 1485 1796 pro·

250 1823 372 1886 tendere
394 1823 504 1886 debuit.
547 1825 630 1898 Quae
652 1827 682 1888 in
704 1827 918 1908 Augustiniana
940 1827 1068 1890 editione
1094 1826 1304 1906 praelationem
1333 1825 1485 1890 antecedit

248 1934 418 2014 inscriptio:
464 1934 663 2010 „Breviorium
693 1938 942 2018 extravagantiom
965 1935 1107 2000 bernardi
1128 1935 1289 2017 Praepositi
1309 1934 1482 2015 Papiensis“

248 2051 336 2123 atque
360 2043 466 2118 „Liber
478 2045 531 2123 l.,“
555 2063 590 2108 ea
605 2047 636 2108 in
650 2045 770 2110 Halensi
789 2047 864 2110 libro
886 2045 1085 2125 desideratum
1108 2045 1290 2127 reliquorum
1304 2063 1376 2108 vero
1390 2044 1483 2106 libro-

249 2170 313 2214 rum
335 2159 365 2215 et
385 2153 534 2216 titulorum
555 2153 659 2217 adsunt
679 2155 826 2235 rubricae,
850 2173 954 2218 omnes
968 2155 1060 2218 rubro
1078 2155 1190 2232 colore,
1212 2173 1271 2237 quo
1293 2162 1323 2216 et
1342 2154 1483 2218 caeruleo

247 2263 278 2323 in
299 2261 483 2344 singulorum
505 2263 697 2344 capitulorum
718 2266 999 2347 inscriptionumque
1020 2265 1123 2330 litteris
1144 2264 1301 2328 initialibus
1316 2263 1482 2326 alternatim

247 2388 318 2434 usus
339 2379 385 2436 est
406 2373 550 2436 miniator.
593 2373 625 2436 ln
646 2373 704 2436 tine
726 2377 814 2438 totius
836 2376 1067 2457 compilationis,
1093 2393 1181 2456 quam
1203 2392 1270 2439 cum
1292 2373 1371 2437 edita
1391 2391 1481 2436 accu-

246 2482 337 2544 ratius
358 2481 530 2544 conserendi
552 2483 643 2546 otium
666 2484 736 2546 mibi
757 2485 936 2567 denegatum
958 2493 1032 2563 erat,
1055 2485 1091 2549 ab
1106 2486 1172 2565 ipso
1187 2483 1316 2548 additum
1332 2483 1481 2564 legimus:

249 2589 431 2670 „Expliciunt
457 2592 622 2656 decretales
648 2593 725 2656 inira
753 2594 886 2674 titulos,“
917 2596 1056 2676 nulloque
1084 2595 1238 2657 interiecto
1266 2593 1360 2673 spatio
1389 2593 1483 2656 inter·

247 2700 362 2780 medio,
391 2701 445 2764 sed
467 2705 637 2782 praemissis
658 2703 703 2766 bis
726 2705 841 2768 verbis:
875 2704 1037 2786 „incipiunt
1058 2703 1223 2768 decretales
1246 2710 1328 2766 extra
1350 2702 1479 2778 bbdos,“

247 2809 316 2872 inde
338 2829 355 2874 a
375 2809 423 2872 fol
445 2812 486 2877 87
508 2831 602 2893 usque
632 2812 669 2876 ad
698 2813 764 2876 libri
792 2813 881 2878 finem
909 2822 1072 2896 sequuntur
1099 2814 1284 2904 diversorum
1307 2811 1479 2876 Pontificum

247 2918 445 2984 Romanorum
466 2921 508 2988 85
529 2921 704 2985 decretales.
758 2921 865 2986 Earum
896 2925 937 2990 72
969 2925 1084 3006 priores
1116 2922 1224 2988 eodem
1250 2929 1418 2985 atramento
1451 2927 1482 2982 et

248 3030 352 3094 eadem
375 3049 473 3109 manu,
497 3033 602 3113 quibus
624 3035 688 3113 ipsa
709 3051 833 3112 summa,
856 3035 1041 3116 conscriptae
1056 3051 1125 3098 esse
1144 3032 1288 3110 videnlur,
1315 3049 1392 3113 quae
1406 3047 1481 3092 vero

248 3148 420 3222 sequuntur,
443 3141 524 3222 aliis,
553 3142 670 3206 ultimae
691 3144 741 3206 vix
762 3144 824 3226 legi
845 3151 985 3224 possunt,
1013 3161 1081 3206 cum
1103 3143 1247 3224 scriptura
1267 3143 1298 3204 in
1319 3141 1481 3206 novissima

246 3251 354 3332 pagina
374 3269 470 3332 paene
492 3250 598 3314 detrita
619 3253 665 3315 sit.
701 3253 813 3318 Paucas
827 3255 853 3318 si
867 3253 1033 3334 exceperis,
1058 3251 1115 3316 hae
1137 3251 1302 3316 decretales
1323 3268 1429 3314 omnes
1449 3252 1482 3312 in

127 3419 132 3428 .
248 3353 665 3440 compilationibus‘secunda
698 3371 727 3426 et
755 3364 840 3428 tertia
872 3369 1036 3426 recurrunt.
1090 3361 1138 3424 Ad
1169 3361 1247 3426 illam
1278 3359 1483 3442 praeprimis

335 3712 367 3765 de
387 3713 506 3780 sponsal.
526 3719 552 3766 et
571 3713 622 3768 cll
642 3714 675 3767 de
695 3715 817 3766 simonia.
853 3711 955 3766 Eorum
974 3713 1083 3780 quidem
1102 3713 1191 3766 solum
1208 3729 1234 3766 c.
1248 3711 1264 3768 6
1278 3711 1412 3766 Clementi
1435 3713 1482 3765 ad-

337 3801 461 3853 scribitur
478 3803 507 3852 in
525 3801 618 3866 editis;
647 3801 741 3854 sedin
760 3799 921 3854 Pontificum
942 3800 1097 3854 nominibus
1115 3799 1225 3852 adiectis
1244 3805 1316 3852 tanta
1334 3805 1375 3852 est
1395 3797 1483 3852 Codd.

335 3889 461 3953 varietas,
486 3895 515 3939 ut
542 3890 600 3940 sine
625 3887 681 3938 ulla
701 3887 876 3938 haesitatione
900 3885 969 3938 illud
986 3885 1138 3939 Parisiense
1163 3887 1297 3939 emblema
1314 3886 1347 3938 ad
1366 3885 1417 3942 c.2
1436 3889 1481 3939 cit.

336 3974 486 4040 retulerim,
511 3976 610 4040 quippe
636 3971 723 4039 quod,
751 3973 814 4026 licet
837 3972 983 4026 Alexandri
1002 3971 1052 4024 111.
1079 3974 1145 4025 ierat
1170 3989 1283 4040 nomen,
1308 3972 1481 4040 aliquatenus

336 4061 369 4112 ad
387 4077 442 4112 rem
461 4061 546 4126 faciet,
566 4059 598 4111 de
617 4075 670 4125 qua
688 4061 772 4125 egerit
789 4059 951 4112 Bernardus.

283 4146 317 4210 ⁵⁵)
336 4145 416 4198 Haud
436 4163 530 4213 saepe,
554 4161 603 4197 nec
628 4147 681 4198 nisi
706 4145 739 4196 ad
757 4147 838 4198 linem
857 4145 1057 4210 columnarum,
1076 4144 1211 4198 eiusmodi
1229 4144 1339 4200 lacunas
1358 4145 1478 4198 animad-

335 4235 410 4287 verti.
432 4231 477 4285 Sic
490 4249 513 4284 e.
525 4248 551 4298 g.
564 4231 640 4284 adest
653 4232 761 4298 quidem
775 4234 913 4300 inscriptio
925 4248 982 4299 cap.
1000 4229 1123 4282 Consuluit
1134 4231 1193 4294 (27)
1206 4231 1239 4286 de
1252 4231 1350 4299 appell.
1364 4229 1413 4293 (Π.
1422 4231 1481 4298 20),

334 4318 383 4372 sed
408 4319 485 4372 deest
507 4319 567 4384 ipsa
592 4317 745 4382 decretalis;
770 4320 798 4371 in
824 4333 881 4386 cap.
900 4315 1103 4382 Repreimsibilb
1128 4317 1223 4382 (c.42)
1242 4318 1301 4370 eod.
1321 4317 1479 4371 exciderunt

335 4406 418 4458 verba
443 4403 613 4455 intermedia:
635 4403 773 4468 praemisso
798 4439 913 4456 ......
933 4403 1124 4466 cenomanicam
1147 4405 1176 4456 in
1200 4405 1239 4456 tit.
1258 4405 1291 4456 de
1309 4406 1478 4458 commodato

335 4490 397 4555 (ΙΙΙ.
414 4489 458 4552 13)
478 4490 528 4541 sub
548 4491 721 4556 inscriptione
740 4493 822 4556 cap.1
843 4493 957 4543 occurrit
975 4488 1068 4559 capt,
1088 4489 1137 4544 sed
1154 4507 1216 4544 mox
1234 4489 1335 4544 addidit
1351 4491 1478 4546 librarius

334 4579 417 4632 huius
435 4575 636 4646 inscriptionem
654 4576 784 4644 illiusque
802 4582 963 4632 contextum.
