3062 5174
221 209 280 274 340
604 213 800 270 BERNARDI
831 213 881 270 ui*
912 215 1071 272 monum

220 395 303 464 liqua
324 393 393 447 satis
414 392 504 463 plena
525 399 591 448 suut
611 399 639 448 et
655 393 718 448 siue
733 407 811 448 scrn-
862 402 958 464 gatum
973 395 1034 464 peti
1048 401 1171 466 poterat,
1192 395 1252 450 nisi
1265 394 1326 450 VII
1342 394 1471 449 testium

219 491 290 561 pulo
312 487 477 545 dubietatis.
862 487 1086 561 subscriptiones
1108 498 1311 547 testamentum
1331 490 1473 556 haberet,

490 593 623 600 “·‘*“
861 602 913 642 nos
936 602 998 642 eam
1025 588 1170 644 irritantes
1195 588 1356 642 statuimus
1379 603 1473 642 evan-

219 685 312 757 gelica
333 683 501 739 auctoritate
522 682 665 752 roborari,
694 689 725 739 ut
746 689 885 754 quantum
907 682 943 738 ad
966 699 1010 739 ras
1030 685 1089 755 piis
1111 684 1204 740 causis
1226 685 1349 740 relictas
1366 685 1473 738 nuilus

220 781 325 836 audeat
350 786 552 835 testamentum
580 783 765 854 impugnare,
795 779 873 852 quod
901 781 988 836 inerit
1015 781 1046 836 iu
1074 782 1237 853 praesentia
1266 781 1400 836 ducrum
1425 781 1473 835 vel

222 879 309 933 trium
331 877 518 932 declaratum.

651 1067 689 1135 0.
715 1070 763 1136 10.
812 1071 953 1134 Relatum
974 1079 1027 1134 ete.

464 1203 595 1286 (Vacat.)
918 1211 1032 1266 Dictum
1057 1215 1100 1266 est
1120 1225 1207 1282 suprn
1227 1225 1293 1282 cap.
1316 1209 1472 1282 proximo.

642 1381 754 1452 011.
797 1387 833 1448 Si
853 1387 970 1448 heredes
990 1395 1043 1448 etc.

266 1522 348 1578 Vota:
376 1523 396 1578 i.
419 1539 442 1578 e.
472 1524 635 1580 voluntates
664 1526 727 1580 scil.
749 1525 817 1580 ulti·
1059 1525 1113 1580 Per
1134 1540 1163 1580 se
1183 1531 1271 1598 patet.

223 1636 303 1688 mae,
322 1628 353 1676 ut
368 1621 489 1676 cxlii.
506 1615 586 1692 qu.2
602 1621 702 1676 ilitima
717 1616 820 1694 (sic!);
1084 1644 1131 1650 --··
1153 1644 1243 1649 -·—-

222 1717 338 1772 videtur
359 1725 448 1774 contr.
472 1733 559 1789 supra
581 1719 626 1774 Di.
643 1719 831 1776 LXXXVIII.
855 1717 1007 1790 Episcopus
1027 1716 1054 1774 2.
1077 1714 1116 1788 (c.
1132 1712 1181 1790 5);
1210 1717 1261 1772 sed
1287 1717 1339 1774 bic
1371 1719 1470 1790 agitur

224 1815 260 1870 de
281 1815 342 1883 his,
365 1830 437 1886 quae
459 1816 663 1886 relinquuntur
684 1815 721 1872 ad
742 1815 806 1887 pias
828 1831 939 1884 causus,
961 1815 1004 1870 ibi
1026 1813 1062 1870 de
1084 1814 1160 1870 aliis.

633 1989 671 2058 C.
695 1992 744 2058 12.
787 1993 849 2056 Nor
868 1994 987 2072 quidem
1008 2000 1061 2053 etc.

266 2147 354 2201 (Iasus
399 2153 441 2201 est
474 2149 588 2217 planus.
623 2176 663 2189 —
714 2149 816 2218 eiepio:
907 2145 1083 2204 Audivimus
1094 2161 1181 2217 suprn
1192 2145 1223 2200 iu
1234 2151 1414 2201 testamento
1425 2161 1468 2200 cr·

226 2243 245 2295 i.
261 2257 285 2295 e.
309 2257 439 2298 sermone
461 2245 573 2314 emisso,
596 2245 716 2316 alogos,
739 2243 817 2316 qnod
869 2243 993 2312 diuasse,
1006 2242 1291 2299 utmonasteriumin
1305 2249 1390 2298 certo
1402 2243 1468 2298 loco

225 2346 267 2394 est
289 2354 398 2408 serm03
427 2341 475 2394 vel
497 2340 593 2410 dicas,
621 2341 747 2414 elogium
768 2341 817 2396 bic
869 2340 1055 2406 fundaretur,
1077 2339 1155 2396 unde
1176 2340 1231 2395 tibi
1251 2340 1466 2410 praaprImus,

227 2433 286 2489 dici
309 2441 509 2492 testamentum
524 2440 764 2510 nuncupativum.
780 2467 818 2478 -
869 2445 900 2493 ut
922 2439 982 2493 eius
1003 2438 1137 2494 heredem
1158 2437 1315 2493 admoneas
1332 2437 1467 2493 defuncti

229 2532 395 2588 ibecdosr'a:
429 2535 515 2590 Forte
546 2550 618 2606 quae
648 2536 741 2591 iuerat
769 2551 820 2591 sua
871 2535 1047 2592 voluntatem
1068 2536 1145 2590 intra
1167 2549 1273 2590 annum
1289 2533 1465 2606 adimplere,

227 2629 502 2686 fideicommissaria.
536 2662 575 2673 -
607 2641 669 2687 tunc
692 2650 747 2703 per
777 2642 819 2687 te.-
870 2639 898 2688 et
918 2633 944 2687 si
965 2632 1091 2688 tibincu
1107 2633 1295 2703 acquieverit,
1319 2639 1353 2687 tu
1367 2640 1467 2686 aucto-

229 2725 313 2794 Quod
334 2727 411 2782 enIm
433 2727 471 2782 ad
490 2730 555 2798 pias
577 2745 676 2784 causas
693 2727 757 2784 dari
771 2729 819 2785 vel
869 2729 953 2785 ritate
981 2735 1079 2784 nostra
1106 2730 1275 2800 exequaris,
1305 2729 1356 2784 vel
1380 2730 1415 2783 in
1437 2745 1467 2784 cc

229 2823 292 2878 tieri
307 2839 323 2878 a
337 2830 472 2880 testatore
486 2826 675 2896 praecipitur,
691 2832 819 2882 cessante
868 2827 950 2894 inco,
981 2826 1031 2882 ubi
1053 2825 1204 2882 defunctus
1226 2827 1397 2897 praecepit,
1422 2827 1466 2882 vel

226 2917 680 2991 hercdcveiiideicommissaric,
694 2923 818 2994 perepi-
868 2924 900 2979 iu
921 2924 980 2980 alic
1010 2923 1075 2978 lucc
1107 2921 1222 2979 idoneo.
1271 2923 1465 2994 Praecipiunt

227 3031 346 3088 scopum
367 3017 521 3073 mandatur
541 3019 691 3090 expedirI,
718 3027 750 3076 ut
769 3021 818 3076 bic
869 3022 946 3076 enirn
975 3021 1051 3092 leges
1073 3021 1233 3092 seculares,
1260 3019 1464 3076 detunctorum

227 3120 255 3168 et
265 3113 336 3170 cod.
350 3112 385 3169 de
399 3116 486 3185 episc.
500 3123 527 3172 et
543 3117 611 3172 cler.
622 3115 755 3188 Neritia.
765 3111 818 3191 28)
870 3119 1034 3174 voluntates
1071 3133 1123 3190 per
1161 3118 1315 3188 episcopos
1352 3118 1464 3174 effectui

227 3210 260 3264 Si
291 3212 352 3282 qais
385 3211 431 3283 (L.
453 3207 507 3286 49)
538 3212 576 3268 ad
607 3213 655 3268 flu.
696 3214 820 3270 Videtur
871 3215 1054 3286 manicipari.

228 3315 318 3363 contr.
335 3309 382 3364 Di.
395 3309 581 3367 LXXXVIII.
598 3311 751 3384 Episcopus
765 3313 820 3366 tui-
1061 3315 1274 3324 '‘—ss

228 3405 324 3460 tionem
345 3402 384 3478 (c.
397 3400 447 3479 2);
475 3406 526 3462 sed
553 3407 630 3464 illud
657 3408 688 3463 iu
716 3408 884 3478 aliis,1huc
904 3410 936 3464 iu
958 3407 1003 3466 his
1019 3403 1074 3482 ¹¹),
1106 3421 1181 3477 quac
1200 3407 1412 3479 relinquuntur
1431 3406 1465 3462 ad

228 3517 293 3572 pras
317 3517 425 3560 causas.

666 3677 705 3745 C.
729 3681 778 3748 13.
820 3683 960 3745 iudicare
980 3689 1032 3742 etc.

461 3813 594 3891 (Vacat.)
1119 3815 1210 3873 Patet.

688 3989 800 4060 014.
842 3995 941 4091 Filius
961 4003 1012 4057 etc.

272 4131 370 4186 Casus.
385 4129 510 4200 Quidam
521 4132 663 4192 decedens
671 4137 820 4207 ecclesiae,
912 4138 983 4194 cum
1011 4143 1093 4207 pater
1113 4134 1246 4190 Faustini
1272 4133 1355 4206 epud
1378 4137 1466 4192 eccie-

232 4227 310 4298 apnd
331 4243 416 4298 quam
438 4231 556 4302 sepeliri
578 4231 711 4302 debebat,
735 4249 821 4305 quae-
871 4235 943 4290 siam
971 4239 1095 4289 vestram
1123 4232 1303 4303 sepulturam
1331 4233 1465 4306 elegisset

233 4322 299 4378 dam
319 4325 416 4382 aliena
437 4328 565 4400 reliquit,
586 4338 653 4402 pust
672 4332 754 4388 cuius
772 4331 821 4388 de-
871 4339 899 4387 et
919 4330 1060 4404 quaedam
1082 4328 1166 4385 vobis
1184 4329 1374 4402 relinqueret,
1396 4337 1464 4404 puta

237 4485 512 4500 ss-Q——na—

232 4559 349 4611 tuebitur
360 4561 419 4628 ipse
432 4578 455 4616 a.
468 4561 493 4618 3.
508 4561 551 4615 Di.
562 4561 625 4616 xli.
637 4563 680 4616 cit.
736 4564 768 4630 ¹²)
787 4565 853 4620 Cod.
875 4567 948 4619 addit
965 4566 1025 4630 ubit,
1044 4566 1116 4632 qnod
1136 4566 1244 4620 reiicsre
1263 4580 1319 4619 non
1332 4565 1460 4622 dubiisvi.
