3098 5184
219 164 286 222 LIV
691 156 964 214 PRAEFATIO

219 339 372 404 retinuerit
392 337 467 416 eius,
491 350 579 418 quern
601 350 716 399 summo
737 333 801 397 iure
822 349 928 414 posses
949 334 1079 416 ipsorum
1098 351 1268 417 nuncupare
1283 337 1453 418 antesigna-

219 467 305 528 num,
335 448 513 530 tandemque
533 444 699 508 llostiensis
724 455 837 506 summa
858 455 969 506 aureae
993 462 1102 507 nomen
1124 446 1295 520 obtinuerit,
1325 447 1373 508 cui
1396 465 1453 508 nec

217 560 311 641 possit
332 558 406 638 eripi
425 557 538 638 palma,
559 571 617 617 neo
645 571 699 635 per
726 559 818 616 totum
845 553 972 616 medium
995 572 1100 618 aevum
1123 557 1277 636 quisquam
1298 555 1369 620 fecit
1391 557 1451 619 eri·

217 667 317 750 piendi
344 664 506 746 periculam
524 663 593 742 ¹¹³),
623 663 750 744 denique
779 663 816 726 de
843 664 1051 745 incrementis,
1083 683 1159 746 quae
1192 684 1231 728 ex
1250 667 1313 729 istis
1335 667 1453 747 scriptis

217 778 294 840 inter
315 775 425 855 antiqui
446 781 476 838 et
497 776 567 837 novi
588 773 723 836 canonici
743 772 815 836 iuris
835 780 968 854 tempora
996 774 1178 837 intermediis
1200 783 1324 856 possent
1343 776 1454 838 redun-

218 886 288 950 dare
309 887 340 948 in
361 884 438 948 banc
459 884 703 965 iurispradentiae
725 890 836 964 partem
858 899 1018 963 rerumque
1036 885 1165 946 omnium
1182 885 1452 948 ecclesiasticarum

218 995 371 1058 historiam
393 993 594 1072 scientiomve,
618 1000 647 1056 et
667 1011 745 1074 quoe
765 993 822 1056 sint
844 991 928 1056 buius
950 995 1073 1074 generis
1092 994 1157 1058 alia.
1200 995 1297 1076 Atque
1319 995 1455 1077 prolecto

216 1103 419 1168 lubentissime
442 1104 642 1184 suscepissem
663 1120 770 1184 operas
792 1111 821 1164 et
843 1102 976 1181 labores,
999 1105 1078 1168 unde
1093 1105 1209 1184 solum,
1232 1107 1257 1168 si
1279 1105 1367 1169 modo
1389 1105 1450 1181 uili,

217 1213 280 1278 veri
301 1211 472 1294 uberesque
493 1212 571 1276 iliius
593 1212 720 1276 terrulae
744 1211 881 1276 novellae
903 1213 1040 1292 sperandi
1060 1215 1117 1276 sint
1140 1214 1260 1278 fructus.
1303 1215 1378 1288 Quin
1393 1234 1453 1277 neo

217 1321 321 1386 inlitias
343 1319 459 1401 habeo,
486 1340 534 1383 me
555 1328 622 1384 ante
645 1328 674 1384 ei
694 1322 771 1384 inter
791 1329 946 1402 susceptas¹
966 1323 1142 1386 Bernardini
1163 1323 1254 1386 libelli
1275 1325 1456 1388 recensendi

217 1449 304 1498 ouras
325 1433 380 1496 ista
402 1449 472 1494 esse
494 1430 663 1494 meditatum
685 1438 773 1513 atque
794 1431 825 1494 in
846 1431 874 1494 id
897 1431 1083 1513 incubuisse,
1111 1441 1143 1496 ut
1164 1451 1287 1513 omnes,
1315 1441 1455 1514 quantum

217 1542 281 1606 lieri
302 1542 412 1623 pessit,
440 1541 594 1623 utriusque
622 1542 693 1605 iaris
722 1541 813 1605 libros
841 1560 879 1604 ex
898 1541 977 1604 illius
997 1548 1096 1604 aetate
1118 1543 1137 1605 i.
1160 1562 1187 1605 e.
1212 1543 1326 1606 seculis
1340 1542 1403 1606 Xll.
1426 1549 1458 1605 et
1529 1623 1530 1628 ἵ

214 1652 291 1715 lllll.
320 1650 405 1715 nobis
434 1658 567 1714 servatos
595 1651 732 1733 typisque
760 1651 854 1713 editos
884 1650 1113 1732 perlustrarem,
1143 1653 1168 1714 si
1192 1670 1267 1734 qpee
1288 1651 1364 1716 torte
1387 1671 1454 1714 eum
1529 1651 1530 1656 ’

218 1761 255 1824 de
276 1762 341 1842 ipsc
363 1768 485 1825 auctore
507 1762 632 1841 eiusque
654 1761 768 1842 scriptis
790 1760 858 1824 inde
880 1760 1050 1842 quaerenda
1073 1768 1176 1824 essent
1191 1763 1368 1838 testimonia,
1392 1769 1454 1824 tum

218 1871 256 1936 de
277 1872 306 1934 vi
327 1878 415 1951 atque
444 1871 632 1946 auctoritate,
663 1887 720 1952 que
742 1869 913 1933 Bernardus
942 1869 990 1932 vel
1011 1877 1080 1932 tunc
1100 1871 1216 1934 iamiam
1237 1873 1380 1952 temporis
1402 1890 1454 1934 va-

216 1980 313 2060 luerit,
336 1980 385 2043 vel
406 1987 490 2044 certe
510 1981 541 2042 in
564 1986 714 2061 pasterum
736 1979 813 2060 apud
835 1994 890 2041 nos
912 1985 942 2040 et
963 1978 993 2040 in
1014 1981 1155 2043 scientiae
1175 1988 1293 2044 nostrae
1308 1981 1452 2044 culturam

216 2089 274 2152 frui
306 2089 414 2153 debeat
446 2089 614 2171 dignusque
646 2089 789 2152 videatur.
846 2088 983 2151 Attamen
1014 2089 1215 2152 recedendum
1245 2089 1316 2154 mibi
1344 2098 1409 2154 erat
1437 2110 1454 2153 a

217 2199 391 2282 propositis,
421 2217 461 2264 ne
488 2201 565 2262 iusto
596 2198 715 2280 longior
742 2197 883 2262 evaderet
911 2197 1003 2260 libelii
1032 2198 1190 2278 praelatio,
1223 2218 1300 2262 neve
1328 2201 1358 2262 in
1389 2219 1458 2262 eum

219 2308 310 2374 multe
332 2308 397 2391 plus
420 2326 629 2374 consumerem
652 2309 803 2390 temporis,
828 2313 967 2388 quantum
989 2309 1066 2370 inter
1087 2327 1208 2371 munera
1223 2309 1339 2389 publica
1355 2327 1459 2390 super-

221 2419 340 2484 sitotii.
382 2418 539 2482 Lectcrum
560 2419 660 2500 itaque
687 2417 807 2482 arbitrio
834 2416 1009 2492 relicturus,
1039 2425 1123 2481 recte
1152 2437 1188 2480 an
1217 2420 1286 2499 ipse·
1302 2421 1459 2497 senserim,

222 2545 289 2591 curn
311 2545 445 2591 summae
467 2527 650 2610 aliorumque
672 2526 818 2592 Bernardi
844 2501 1021 2606 scriptoram
1043 2527 1073 2590 in
1094 2529 1191 2590 lucem
1214 2527 1461 2609 proferendcmm

222 2655 362 2719 caperem
383 2637 555 2718 consilium,
578 2639 657 2719 iique
679 2656 716 2701 an
738 2637 816 2700 bene
838 2637 980 2716 iecerint,
1007 2637 1058 2718 qui
1077 2637 1148 2700 mihi
1170 2639 1199 2700 in
1222 2656 1259 2700 eo
1281 2639 1461 2719 persistendi

223 2754 308 2812 erent
330 2763 472 2812 suasores
493 2755 581 2828 atque
603 2747 818 2826 exhortatores,
840 2746 898 2810 boc
919 2747 986 2810 loco
1009 2755 1039 2810 et
1054 2755 1190 2829 tempore
1205 2749 1322 2812 nonnisi
1336 2749 1460 2830 paucula

309 3042 439 3096 hacteuus
466 3042 532 3094 milri
557 3040 633 3093 licuit
659 3039 745 3092 ullum
770 3039 891 3092 invenire
915 3039 1018 3107 locum,
1044 3042 1072 3093 in
1097 3057 1151 3106 quo
1176 3047 1220 3093 aut
1243 3043 1403 3094 nominatim
1429 3042 1462 3094 ad

307 3127 469 3196 Papieusem
495 3133 645 3186 recurratur
670 3128 698 3180 in
724 3126 862 3178 doctorum
887 3128 1062 3194 opinionibus
1089 3127 1276 3195 recensendis,
1305 3135 1365 3194 aut,
1393 3145 1461 3196 qaae

309 3217 396 3282 ipsius
415 3215 495 3268 luerit
513 3213 659 3280 sententia,
683 3231 715 3266 eo
737 3211 817 3264 modo
837 3213 924 3278 iisque
941 3213 1032 3266 verbis
1053 3214 1195 3279 referatur,
1220 3220 1248 3268 ut
1266 3213 1381 3270 dubium
1400 3232 1460 3268 esse

311 3307 441 3368 nequeat,
466 3303 531 3368 quin
555 3303 614 3356 eius
640 3315 772 3352 summam
792 3313 879 3364 neque
898 3302 1021 3352 noverint
1039 3316 1126 3366 neque
1146 3302 1312 3368 inspexerint
1329 3308 1461 3356 auctores.

308 3383 382 3450 Quid
396 3386 468 3452 quod
483 3387 511 3438 in
525 3385 661 3440 Vincentii
674 3385 876 3442 Bellovecensis
897 3387 1017 3452 speculo,
1035 3389 1078 3440 cui
1098 3393 1135 3440 tot
1154 3393 1274 3440 veterum
1294 3405 1461 3442 summarum

309 3479 362 3524 tam
380 3473 480 3525 multos
497 3473 572 3526 locos
592 3473 719 3538 inseruit,
744 3488 777 3524 ne
797 3489 881 3526 unum
901 3472 1025 3540 quidem,
1048 3473 1122 3540 quod
1144 3473 1272 3540 viderim,
1300 3474 1371 3528 adsit
1391 3478 1461 3543 oapi-

309 3558 411 3626 talum,
436 3549 510 3626 qaod
534 3558 568 3610 ed
592 3561 737 3623 genuinam
761 3562 836 3622 (nam
862 3577 894 3612 ex
913 3558 1061 3612 Damasiaa
1079 3561 1147 3612 duos
1167 3563 1264 3614 sumsit
1281 3561 1374 3628 locos,
1403 3563 1461 3614 scil.

309 3645 371 3698 Lib.
385 3644 433 3698 IX.
452 3661 474 3698 c.
490 3643 538 3702 119
557 3653 583 3698 et
595 3643 646 3698 XI.
666 3662 688 3698 c.
703 3645 747 3711 17)
766 3645 935 3698 referendum
955 3647 989 3698 sit
1007 3647 1136 3700 Beraerdi
1158 3661 1298 3700 summam.
1329 3647 1462 3702 Breviorii

307 3732 376 3784 inter
393 3731 499 3798 glossas
518 3734 644 3800 antiquos
671 3748 809 3786 occurrere
828 3731 935 3798 plures,
961 3748 1030 3800 quae
1054 3733 1128 3786 illarn
1155 3733 1307 3810 redoleant,
1334 3741 1361 3788 et
1380 3751 1463 3802 supra

309 3820 361 3870 iarn
386 3820 494 3885 monui,
517 3826 543 3872 et
564 3819 730 3872 luculentam
751 3817 827 3874 adest
845 3818 998 3886 exemplum
1016 3821 1044 3872 ia
1063 3818 1254 3886 lintburgensis
1274 3818 1339 3872 Cod.
1358 3821 1462 3886 glossis

309 3905 463 3958 abinaam
486 3905 580 3968 editis;
605 3905 644 3959 ibi
670 3905 741 3956 enirn
767 3904 801 3958 od
825 3906 864 3956 tit.
892 3904 925 3957 de
945 3903 976 3958 V.
997 3905 1024 3960 S.
1043 3906 1109 3960 haec
1134 3905 1274 3971 leguntur:
1309 3905 1403 3972 Sueto
1422 3908 1463 3972 in)

310 3993 426 4042 coercitos
442 3992 596 4058 dispositione
614 3990 678 4040 acies
695 3999 802 4042 moenio
817 3989 878 4040 solet
898 4007 928 4040 ex
953 3992 1088 4042 melioribus
1112 3991 1235 4054 ordinari,
1260 3991 1296 4042 sie
1312 3992 1337 4042 t'n
1356 4001 1463 4042 noenta

309 4078 369 4130 iuris
386 4079 424 4130 lta'c
442 4080 477 4130 dt.
496 4079 526 4128 de
544 4077 578 4130 R.
596 4075 620 4128 I.
639 4086 759 4142 tamquam
777 4095 838 4128 unus
857 4093 887 4128 ee
903 4077 998 4142 optimis
1016 4078 1154 4128 collocator.
1189 4076 1286 4144 Reputo
1304 4094 1361 4143 erqo
1381 4087 1426 4127 ete.

250 4165 295 4229 ¹¹³)
314 4163 406 4232 Solus,
424 4183 505 4234 quem
518 4165 631 4218 viderim
646 4163 957 4232 postArchiepisccpum
972 4179 1103 4216 summam
1117 4163 1289 4218 decretalium
1308 4166 1462 4230 scripsisse,

312 4259 353 4308 est
365 4256 491 4310 abutum
502 4255 530 4306 de
542 4253 679 4316 linicasio
693 4252 709 4314 †
724 4250 788 4308 1331
809 4253 854 4313 (cl.
867 4253 968 4313 illiciti,
987 4251 1158 4317 praecognita
1177 4249 1189 4316 i
1204 4250 1253 4306 102
1271 4251 1322 4304 sub
1339 4249 1458 4314 XXV.);

313 4339 361 4394 sed
385 4341 467 4393 buius
492 4353 613 4392 summae
637 4337 707 4404 apud
732 4337 894 4395 Haeueliuna
917 4345 943 4391 et
966 4337 1119 4402 Blamiurn„
1149 4340 1193 4402 qai
1220 4339 1293 4402 eins,
1317 4351 1400 4402 quam
1426 4337 1460 4390 de
1529 4377 1530 4384 ,

313 4427 490 4480 electionibus
508 4427 579 4492 iecit
597 4439 676 4490 quam
695 4423 826 4491 plurimos
845 4429 985 4480 recenseat
1003 4424 1086 4478 libros
1105 4425 1315 4492 manuscriptos,
1333 4439 1368 4476 ue
1387 4439 1461 4476 unus

243 4563 247 4570 .
317 4511 426 4581 quidem
446 4511 529 4566 codex
549 4512 672 4566 occurrit.
1218 4517 1225 4532 ·
