3100 5180
536 215 587 272 DE
616 211 846 272 erectiores.
1250 213 1310 278 317

69 400 121 454 vel
143 398 323 454 extrinsecae
343 395 561 468 praerogativae
581 393 711 468 eligendi
733 400 776 448 est
796 400 966 464 opportuna.
1009 394 1195 467 Intrinsecae,
1216 411 1252 452 ue
1273 399 1311 453 sit

67 497 257 562 illitteratus,
279 491 327 548 vel
347 493 498 564 bigamus,
521 493 569 546 vel
589 491 697 546 vIduae
717 491 765 545 rel
787 499 937 561 corruptae
959 493 1094 559 maritus,
1127 493 1174 548 vel
1195 495 1309 549 servilis
1393 491 1400 503 “

71 591 269 658 conditionis,
291 598 323 644 ut
343 591 390 644 Di.
405 589 539 645 XXXIV.
555 589 742 658 Praetulimus
763 584 801 660 (c.
818 581 887 660 10),
909 593 937 642 et
951 587 998 640 Di.
1012 587 1149 644 XXXVI.
1164 590 1310 646 illiteratos

72 683 182 760 (c.1);
204 703 262 742 nou
284 686 322 741 sit
342 687 514 757 neophytus,
537 693 569 740 ut
590 686 636 739 Di.
651 684 782 740 XLVIII.
805 677 944 752 c.1et2,
966 687 1024 740 nisi
1044 686 1117 740 torte
1138 703 1225 742 causa
1245 703 1312 758 prc-

70 784 230 839 bibitionis
259 783 349 852 desit,
378 789 410 838 ut
437 783 484 837 Di.
499 783 574 838 LXI.
597 781 687 854 §Hie
714 781 834 836 omnibus
862 778 956 855 (Grat.
983 781 1050 836 dict.
1073 783 1110 838 ad
1132 799 1156 839 c.
1172 778 1222 857 8);
1252 801 1310 840 nou

72 883 113 936 sit
141 882 227 936 etiarn
255 881 364 947 laicus,
393 880 445 951 qui
473 879 509 933 ad
538 879 730 934 sacerdotium
757 879 804 936 vel
833 878 870 933 ad
895 879 1119 935 ecelesiasticam
1140 879 1311 954 dIguitatem

72 979 207 1048 cIIgitur,
236 983 269 1034 ut
289 978 324 1031 D.
339 977 400 1032 LX.
423 991 447 1031 c.
463 971 490 1032 1.
506 971 534 1034 2.
549 971 577 1034 3.
592 971 625 1046 4,
655 975 707 1031 sed
731 991 784 1032 nec
812 975 849 1030 ad
876 975 1107 1046 presbyteratum
1134 979 1311 1048 parochialis

72 1074 231 1141 ecclesiae,
259 1075 318 1128 nisi
341 1089 378 1128 ex
407 1072 638 1143 dispensatione,
667 1080 699 1128 ut
720 1074 751 1129 iu
773 1073 878 1128 decret.
901 1081 973 1128 extr.
994 1075 1038 1127 tit.
1061 1073 1096 1129 da
1118 1075 1259 1130 electione
1279 1076 1311 1129 In

72 1173 172 1226 litteris
192 1187 260 1243 quus
281 1179 329 1226 etc.
346 1165 386 1244 ⁸⁷)
426 1171 614 1226 Extrinsecus
636 1185 751 1241 quoque
771 1171 989 1242 praerogativae
1009 1172 1158 1244 integritas
1183 1173 1311 1245 eligendi

69 1275 113 1323 est
133 1268 313 1336 necessaria,
342 1285 379 1324 ue
403 1266 493 1323 videl.
519 1269 557 1324 sit
584 1282 703 1338 corpore
730 1267 868 1336 vitiatus,
895 1269 943 1322 vel
966 1271 1036 1323 sorti
1057 1268 1180 1325 traditus
1195 1265 1250 1344 ⁸⁸),
1279 1276 1312 1324 ut

71 1365 120 1418 Di.
132 1364 193 1419 LV.
214 1364 318 1418 Priscis
338 1362 353 1438 (
370 1405 377 1420 .
394 1361 443 1438 1),
471 1365 520 1420 vel
541 1365 683 1434 epilepsia
698 1359 738 1437 υ)
759 1365 778 1418 i.
794 1379 818 1418 e.
845 1363 955 1419 caduco
977 1365 1077 1422 morbc
1098 1366 1251 1435 laborans,
1281 1373 1312 1420 ut

73 1463 120 1516 Di.
136 1461 276 1518 XXXIII.
300 1463 479 1518 Communiter
499 1458 539 1534 (c.
555 1456 603 1534 3),
629 1461 717 1533 Usque
738 1463 806 1516 adeo
827 1458 866 1534 (c.
883 1457 925 1534 5).

152 1558 203 1613 III.
245 1560 315 1614 Post
334 1557 484 1629 praedicta
504 1559 596 1614 iorma
610 1553 650 1631 4ο)
671 1559 823 1614 electionis
844 1560 1034 1630 inquisitione
1062 1559 1151 1631 digna
1175 1560 1310 1627 occurrit,

71 1655 126 1710 nbi
141 1663 265 1726 quatuor
285 1655 496 1712 consideranda
515 1656 661 1724 videntur,
684 1655 775 1712 videl.
795 1659 976 1712 voluntatum
997 1657 1161 1728 Inquisitio,
1182 1671 1311 1726 pronun·

73 1753 175 1821 tiatic,
197 1751 372 1823 subscriptio
395 1760 423 1808 et
442 1752 659 1809 iutbrouieatio.

156 1845 223 1922 S-I.
266 1850 337 1906 Cum
359 1851 436 1906 eninr
458 1849 562 1906 electio
584 1849 719 1905 iacienda
739 1860 797 1919 est,
824 1851 905 1922 prius
927 1851 1038 1921 inquiri
1059 1857 1185 1920 oportet,
1211 1851 1309 1922 aubi,

75 1963 198 2018 quorum
226 1953 283 2014 est,
309 1948 403 2002 velint
430 1963 483 2018 per
511 1963 540 2002 se
561 1947 609 2002 vel
629 1963 680 2018 per
701 1949 838 2003 electores
860 1949 1028 2002 electionem
1050 1948 1153 2003 iacere.
1196 1947 1226 2002 Si
1248 1949 1312 2019 qui-

74 2045 139 2100 dem
160 2060 213 2114 per
233 2059 263 2100 se
283 2045 378 2114 ipsos,
401 2045 581 2117 singulorum
603 2052 644 2100 est
665 2045 816 2100 arbitrium
838 2046 868 2099 in
890 2045 1018 2116 capitulo
1039 2045 1087 2099 vel
1107 2047 1138 2098 in
1160 2045 1218 2103 alib
1237 2047 1310 2114 loco,

72 2143 125 2198 ubi
152 2143 212 2197 siut
238 2143 443 2211 communiter,
472 2142 695 2214 inquIreudum,
725 2151 752 2198 ct
779 2145 834 2198 boc
861 2158 913 2213 per
934 2142 1061 2214 aliquem
1083 2142 1118 2197 de
1139 2143 1309 2211 maioribus,

74 2238 226 2294 adinstar
247 2240 324 2308 eins,
348 2238 427 2310 quod
448 2239 555 2295 dicitur
577 2238 612 2295 de
634 2241 778 2311 episcopis
803 2239 1001 2296 cardinalibus
1023 2241 1054 2294 iu
1072 2239 1197 2294 Romani
1217 2241 1312 2309 ponti-

73 2336 136 2390 ficis
158 2337 314 2403 electione,
339 2342 371 2391 nt
392 2337 438 2390 Di.
454 2337 563 2393 XXIIi.
585 2337 617 2391 In
637 2339 742 2392 nomine
763 2334 802 2411 (c.
820 2333 862 2409 1).
904 2336 946 2390 De
968 2337 1141 2392 electoribus
1156 2331 1195 2410 ⁴¹)
1216 2343 1311 2392 autem

72 2431 249 2501 notandum,
272 2432 350 2504 quod
371 2432 547 2504 quandoque
567 2449 633 2504 pars
648 2435 689 2490 eis
710 2433 918 2490 sollicitudiuIs
939 2433 1113 2504 imponitur,
1137 2433 1311 2504 quandoque

71 2532 192 2600 plenum
214 2531 366 2586 electionis
387 2530 539 2586 arbitrium
553 2530 729 2602 indulgetur.
765 2531 798 2584 Iu
813 2539 923 2599 partem
938 2531 1147 2586 sollicitudinis
1162 2539 1310 2598 vocantur,

74 2643 138 2682 cum
160 2625 197 2682 de
217 2626 401 2700 inquirendis
421 2627 541 2682 fratrum
567 2625 766 2684 voluntatibus
795 2629 835 2682 eis
864 2643 935 2683 onus
963 2628 1138 2696 imponitur,
1168 2634 1200 2682 ut
1220 2627 1308 2682 videl.

73 2726 159 2780 iilum
187 2724 311 2796 eilgaut,
330 2739 427 2796 ¹quem
456 2725 584 2780 omnium
611 2726 658 2779 vel
686 2725 805 2780 maioris
828 2726 919 2796 partis
941 2725 1062 2779 arbitrio
1083 2725 1210 2779 viderint
1229 2741 1312 2795 prae-

74 2823 215 2889 electnm,
245 2827 276 2876 ut
300 2821 346 2876 Di.
363 2821 467 2877 LXIII.
490 2823 700 2892 Metropolitum
728 2818 766 2895 (o.
783 2816 853 2894 39),
881 2821 913 2876 bi
940 2828 1035 2877 autern
1062 2837 1178 2877 necesse
1202 2821 1312 2876 babent
1412 2898 1416 2907 ,

74 2919 204 2973 omnium
225 2919 389 2974 voluntates
410 2919 557 2990 inquirere
578 2935 632 2975 nee
653 2921 731 2974 ultra
751 2921 821 2998 fines
842 2917 971 2973 mandati
986 2920 1169 2989 ailquatenus
1184 2921 1311 2990 evagari,

72 3022 104 3068 ut
118 3014 269 3086 colligitur
282 3031 320 3070 ex
337 3015 383 3071 Di.
399 3016 503 3072 LXIII.
519 3018 599 3072 Plebs
612 3019 767 3071 Dictreasr'e
787 3014 826 3090 (c.
844 3013 906 3090 11).
942 3017 1072 3072 Ceterum
1094 3018 1119 3070 si
1140 3018 1209 3071 tinea
1232 3032 1312 3070 man-

73 3110 133 3166 dati
155 3113 346 3180 excesserint,
368 3129 466 3168 eorum
487 3114 717 3170 iurisdictionem
739 3129 796 3169 non
819 3119 861 3168 est
873 3113 996 3168 dubium
1012 3115 1154 3183 expirare,
1177 3113 1310 3182 exemplo

71 3209 149 3275 eius,
179 3208 257 3279 quod
278 3207 385 3272 dIcitur
407 3209 442 3264 dc
463 3210 560 3266 iudIce
583 3212 728 3284 delegato,
758 3209 882 3282 quodsi
910 3213 981 3264 lines
1008 3211 1137 3265 mandati
1163 3212 1312 3280 praeterit,

73 3305 135 3359 eius
157 3304 322 3361 iurisdictio
344 3315 450 3375 cessat,
482 3315 515 3364 nt
535 3309 566 3364 iu
588 3309 702 3364 decreto
724 3317 795 3364 extr.
818 3309 861 3362 tit.
884 3307 919 3362 de
941 3308 1036 3362 ofiicio
1057 3307 1165 3360 iudicis
1187 3306 1311 3376 delegati

73 3403 246 3456 Meminimus
261 3397 317 3476 ⁴¹),
347 3397 403 3478 [et]
432 3405 566 3476 exemplo
594 3407 672 3474 eius,
702 3405 781 3476 quod
802 3403 910 3461 dieitur
930 3405 966 3459 de
986 3405 1175 3459 intercessore
1199 3404 1228 3458 C.
1243 3403 1309 3457 VII.

73 3514 121 3570 qu.
138 3495 156 3555 1
173 3499 351 3554 erratuum
370 3496 411 3574 (c.
428 3496 489 3574 17).
534 3503 661 3556 caveant
681 3511 792 3570 autem,
815 3519 851 3558 ne
873 3503 908 3557 de
929 3502 1054 3557 ecclesia
1075 3502 1170 3556 aliena
1191 3500 1309 3571 eligant,

73 3595 144 3650 dum
169 3596 350 3666 inproprie
377 3599 520 3668 reperitur
546 3599 683 3666 idoneus,
712 3615 748 3654 uc
776 3601 860 3654 alteri
886 3599 1013 3654 debitam
1036 3600 1107 3653 alter
1128 3597 1186 3652 sibi
1207 3597 1312 3651 audeat

72 3691 226 3748 vindicare
241 3693 429 3764 mercedem,
460 3703 491 3751 ut
512 3697 558 3751 Di.
573 3696 650 3751 LXI.
672 3697 771 3752 Nullas
791 3699 882 3751 invitis
909 3694 948 3770 (e.
966 3691 1033 3769 13),
1066 3695 1171 3749 Obitcm
1192 3691 1232 3767 (c.
1248 3690 1311 3767 16).

72 3789 198 3846 Plenum
219 3797 312 3846 autern
334 3791 471 3848 electores
492 3793 601 3850 babent
621 3795 770 3852 electionis
799 3793 968 3862 arbitrium,
991 3809 1056 3848 cum
1084 3794 1126 3848 sIc
1154 3793 1310 3865 eliguntur,

73 3987 352 4002 ---.-,-..-,...

71 4091 108 4156 ³⁷)
129 4090 199 4144 0011.
220 4091 279 4146 Par.
299 4095 338 4144 tit.
354 4089 394 4146 10.
414 4107 437 4144 c.
450 4091 480 4156 53
500 4095 532 4146 ci.
551 4109 574 4147 c.
588 4094 614 4149 5.
632 4093 692 4149 Le.
711 4093 805 4163 Gomp.
821 4093 843 4147 I.
896 4095 931 4159 ³⁸)
951 4095 996 4148 Sic
1009 4093 1087 4157 com
1109 4095 1208 4146 sivero
1223 4093 1309 4160 ipsius

72 4180 96 4215 c.
112 4163 123 4216 i
139 4165 183 4214 cit.
196 4162 279 4216 verba
292 4177 353 4214 cum
365 4163 400 4213 ils
412 4163 573 4228 contuleris,
593 4181 661 4230 quae
681 4165 713 4216 de
732 4165 876 4218 lectionum
896 4167 1021 4218 vertetatc
1040 4166 1118 4216 refert
1133 4163 1310 4226 Boehmerus,

71 4231 180 4284 nullum
200 4232 247 4284 tibi
266 4231 382 4292 dubium,
398 4233 461 4298 erit,
486 4235 552 4298 quin
576 4250 608 4285 ex
626 4234 777 4297 sordidatas,
803 4235 876 4302 quod
895 4237 921 4286 iu
941 4235 1035 4300 editis,
1060 4241 1085 4285 et
1101 4233 1211 4296 sortitus,
1238 4232 1311 4299 quod

69 4305 99 4354 iu
118 4302 308 4366 manuscriptis
328 4301 441 4353 occurrit
458 4299 549 4368 libris,
566 4303 628 4352 sorti
646 4303 749 4353 traditas
766 4305 866 4357 iactum
885 4305 927 4370 sit,
947 4305 988 4356 cui
1002 4303 1109 4355 lectioni
1127 4302 1209 4366 illam,
1229 4318 1308 4367 quam

72 4386 165 4423 veram
194 4378 347 4436 rectamque
375 4370 502 4437 equidem
529 4369 631 4438 habeo,
660 4374 824 4426 substituere
855 4389 907 4426 non
936 4374 1116 4436 dubitassem,
1146 4374 1168 4422 si
1193 4371 1310 4434 librario,

71 4457 128 4492 norr
162 4441 215 4508 ipsi
245 4437 382 4491 Bernerdo
415 4441 494 4490 istam
529 4446 669 4493 contextus
705 4444 816 4494 formam
854 4461 914 4496 esse
951 4443 1134 4508 imputandam
1171 4447 1310 4493 constaret.

72 4508 109 4571 ³⁹)
131 4508 198 4562 cod.
222 4508 345 4574 epilentia.
408 4508 443 4570 ⁴⁰)
463 4508 494 4561 Iu
514 4506 579 4560 Ood.
603 4525 740 4575 perperam
765 4515 943 4578 praemitittur
966 4511 1003 4564 de.
1064 4510 1100 4575 ⁴¹)
1128 4509 1194 4562 Cod.
1218 4509 1310 4559 electio-

71 4579 278 4632 ciceastriae.
349 4577 385 4644 ⁴²)
411 4576 482 4631 Goll.
507 4577 567 4632 Par.
593 4581 631 4630 tit.
649 4578 693 4634 31.
719 4596 741 4632 c.
760 4581 784 4635 4.
810 4589 836 4634 et
858 4584 897 4634 tit.
918 4583 939 4636 i.
964 4597 986 4634 e.
1004 4580 1036 4646 2;
1063 4583 1095 4633 cl.
1121 4596 1142 4632 c.
1163 4579 1203 4634 12.
1227 4577 1248 4632 1.
1266 4577 1309 4634 21.
