<?xml version="1.0" encoding="UTF-8"?>
<!DOCTYPE html PUBLIC "-//W3C//DTD XHTML 1.0 Transitional//EN"
    "http://www.w3.org/TR/xhtml1/DTD/xhtml1-transitional.dtd">
<html xmlns="http://www.w3.org/1999/xhtml" xml:lang="en" lang="en">
 <head>
  <title>
</title>
<meta http-equiv="Content-Type" content="text/html;charset=utf-8" />
  <meta name='ocr-system' content='tesseract 3.04.00' />
  <meta name='ocr-capabilities' content='ocr_page ocr_carea ocr_par ocr_line ocrx_word'/>
</head>
<body>
  <div class='ocr_page' id='page_1' title='image "./summadecretaliu00laspgoog_0040.png"; bbox 0 0 3098 5184; ppageno 0'>
   <div class='ocr_carea' id='block_1_1' title="bbox 596 0 1418 2">
    <p class='ocr_par' dir='ltr' id='par_1_1' title="bbox 596 0 1418 2">
     <span class='ocr_line' id='line_1_1' title="bbox 596 0 1418 2; baseline 0 0"><span class='ocrx_word' id='word_1_1' title='bbox 596 0 1418 2; x_wconf 95' lang='lat' dir='ltr'> </span> 
     </span>
    </p>
   </div>
   <div class='ocr_carea' id='block_1_2' title="bbox 569 237 1302 320">
    <p class='ocr_par' dir='ltr' id='par_1_2' title="bbox 569 237 1302 320">
     <span class='ocr_line' id='line_1_2' title="bbox 569 237 1302 320; baseline 0.007 -9"><span class='ocrx_word' id='word_1_2' title='bbox 569 237 804 314; x_wconf 83' lang='lat' dir='ltr'>noruoars.</span> <span class='ocrx_word' id='word_1_3' title='bbox 985 239 989 248; x_wconf 91' lang='lat'>&#39;</span> <span class='ocrx_word' id='word_1_4' title='bbox 1189 257 1302 320; x_wconf 83' lang='lat' dir='ltr'><strong>xxxv</strong></span> 
     </span>
    </p>
   </div>
   <div class='ocr_carea' id='block_1_3' title="bbox 58 431 1303 2275">
    <p class='ocr_par' dir='ltr' id='par_1_3' title="bbox 62 431 1303 1064">
     <span class='ocr_line' id='line_1_3' title="bbox 68 431 1301 516; baseline 0.002 -18"><span class='ocrx_word' id='word_1_5' title='bbox 68 443 98 498; x_wconf 90' lang='lat' dir='ltr'>et</span> <span class='ocrx_word' id='word_1_6' title='bbox 118 451 190 497; x_wconf 86' lang='lat' dir='ltr'>mox</span> <span class='ocrx_word' id='word_1_7' title='bbox 210 434 385 516; x_wconf 90' lang='lat' dir='ltr'>plerumque</span> <span class='ocrx_word' id='word_1_8' title='bbox 406 433 550 496; x_wconf 78' lang='lat' dir='ltr'><strong>addantur</strong></span> <span class='ocrx_word' id='word_1_9' title='bbox 570 431 748 512; x_wconf 81' lang='lat' dir='ltr'>solutiones3</span> <span class='ocrx_word' id='word_1_10' title='bbox 779 432 855 496; x_wconf 88' lang='lat' dir='ltr'>aliae</span> <span class='ocrx_word' id='word_1_11' title='bbox 875 433 912 497; x_wconf 87' lang='lat' dir='ltr'>ad</span> <span class='ocrx_word' id='word_1_12' title='bbox 934 432 1119 516; x_wconf 88' lang='lat' dir='ltr'>singulonrm</span> <span class='ocrx_word' id='word_1_13' title='bbox 1142 435 1301 500; x_wconf 89' lang='lat' dir='ltr'>verborum</span> 
     </span>
     <span class='ocr_line' id='line_1_4' title="bbox 65 543 1300 628; baseline 0.002 -20"><span class='ocrx_word' id='word_1_14' title='bbox 65 552 200 626; x_wconf 88' lang='lat' dir='ltr'>spectant</span> <span class='ocrx_word' id='word_1_15' title='bbox 220 545 500 626; x_wconf 72' lang='lat' dir='ltr'>interpretationem,</span> <span class='ocrx_word' id='word_1_16' title='bbox 523 561 621 625; x_wconf 91' lang='lat' dir='ltr'>neque</span> <span class='ocrx_word' id='word_1_17' title='bbox 643 550 717 623; x_wconf 92' lang='lat' dir='ltr'>tam,</span> <span class='ocrx_word' id='word_1_18' title='bbox 740 543 810 624; x_wconf 93' lang='lat' dir='ltr'>quid</span> <span class='ocrx_word' id='word_1_19' title='bbox 831 544 902 606; x_wconf 92' lang='lat' dir='ltr'>iuris</span> <span class='ocrx_word' id='word_1_20' title='bbox 917 543 962 621; x_wconf 89' lang='lat' dir='ltr'>sit,</span> <span class='ocrx_word' id='word_1_21' title='bbox 986 551 1116 625; x_wconf 84' lang='lat' dir='ltr'>tractent,</span> <span class='ocrx_word' id='word_1_22' title='bbox 1140 563 1228 628; x_wconf 88' lang='lat' dir='ltr'>quarn</span> <span class='ocrx_word' id='word_1_23' title='bbox 1249 565 1300 610; x_wconf 91' lang='lat' dir='ltr'>res</span> 
     </span>
     <span class='ocr_line' id='line_1_5' title="bbox 67 650 1303 736; baseline 0.002 -19"><span class='ocrx_word' id='word_1_24' title='bbox 67 654 286 736; x_wconf 87' lang='lat' dir='ltr'>grammaticas,</span> <span class='ocrx_word' id='word_1_25' title='bbox 309 653 473 730; x_wconf 87' lang='lat' dir='ltr'>historicas,</span> <span class='ocrx_word' id='word_1_26' title='bbox 497 652 714 735; x_wconf 79' lang='lat' dir='ltr'><strong>geographicas</strong></span> <span class='ocrx_word' id='word_1_27' title='bbox 730 650 788 733; x_wconf 72' lang='grc'>58);</span> <span class='ocrx_word' id='word_1_28' title='bbox 810 653 841 715; x_wconf 90' lang='lat' dir='ltr'>in</span> <span class='ocrx_word' id='word_1_29' title='bbox 855 652 930 732; x_wconf 90' lang='lat' dir='ltr'>aliis,</span> <span class='ocrx_word' id='word_1_30' title='bbox 953 671 1029 736; x_wconf 90' lang='lat' dir='ltr'>qnae</span> <span class='ocrx_word' id='word_1_31' title='bbox 1050 655 1080 717; x_wconf 90' lang='lat' dir='ltr'>in</span> <span class='ocrx_word' id='word_1_32' title='bbox 1097 655 1214 719; x_wconf 91' lang='lat' dir='ltr'>illorum</span> <span class='ocrx_word' id='word_1_33' title='bbox 1228 664 1303 720; x_wconf 90' lang='lat' dir='ltr'>tem-</span> 
     </span>
     <span class='ocr_line' id='line_1_6' title="bbox 66 761 1303 846; baseline 0.003 -20"><span class='ocrx_word' id='word_1_34' title='bbox 66 781 173 846; x_wconf 91' lang='lat' dir='ltr'>porum</span> <span class='ocrx_word' id='word_1_35' title='bbox 188 763 293 827; x_wconf 86' lang='lat' dir='ltr'>schola</span> <span class='ocrx_word' id='word_1_36' title='bbox 309 763 471 844; x_wconf 87' lang='lat' dir='ltr'>nuncupari</span> <span class='ocrx_word' id='word_1_37' title='bbox 486 762 630 840; x_wconf 89' lang='lat' dir='ltr'>solebant,</span> <span class='ocrx_word' id='word_1_38' title='bbox 652 761 799 841; x_wconf 74' lang='lat' dir='ltr'>notabilia,</span> <span class='ocrx_word' id='word_1_39' title='bbox 822 763 975 844; x_wconf 78' lang='lat' dir='ltr'>generabo</span> <span class='ocrx_word' id='word_1_40' title='bbox 989 770 1019 826; x_wconf 87' lang='lat' dir='ltr'>el</span> <span class='ocrx_word' id='word_1_41' title='bbox 1033 763 1207 829; x_wconf 91' lang='lat' dir='ltr'>brocardica</span> <span class='ocrx_word' id='word_1_42' title='bbox 1221 766 1303 830; x_wconf 91' lang='lat' dir='ltr'>vide·</span> 
     </span>
     <span class='ocr_line' id='line_1_7' title="bbox 62 871 1299 960; baseline 0.003 -24"><span class='ocrx_word' id='word_1_43' title='bbox 62 893 129 938; x_wconf 91' lang='lat' dir='ltr'>mus</span> <span class='ocrx_word' id='word_1_44' title='bbox 158 875 271 957; x_wconf 84' lang='lat' dir='ltr'>posita3</span> <span class='ocrx_word' id='word_1_45' title='bbox 302 873 377 937; x_wconf 90' lang='lat' dir='ltr'>aliae</span> <span class='ocrx_word' id='word_1_46' title='bbox 405 873 533 954; x_wconf 88' lang='lat' dir='ltr'>denique</span> <span class='ocrx_word' id='word_1_47' title='bbox 561 880 611 935; x_wconf 85' lang='lat' dir='ltr'>aut</span> <span class='ocrx_word' id='word_1_48' title='bbox 639 872 841 936; x_wconf 81' lang='lat' dir='ltr'>distinctiones</span> <span class='ocrx_word' id='word_1_49' title='bbox 869 871 1008 937; x_wconf 84' lang='lat' dir='ltr'>exhibent</span> <span class='ocrx_word' id='word_1_50' title='bbox 1027 881 1076 938; x_wconf 86' lang='lat' dir='ltr'>aut</span> <span class='ocrx_word' id='word_1_51' title='bbox 1098 877 1299 960; x_wconf 84' lang='lat' dir='ltr'>quaestiones,</span> 
     </span>
     <span class='ocr_line' id='line_1_8' title="bbox 64 981 608 1064; baseline -0.009 -17"><span class='ocrx_word' id='word_1_52' title='bbox 64 1002 136 1049; x_wconf 82' lang='lat' dir='ltr'>mox</span> <span class='ocrx_word' id='word_1_53' title='bbox 158 983 333 1062; x_wconf 88' lang='lat' dir='ltr'>breviores,</span> <span class='ocrx_word' id='word_1_54' title='bbox 356 1000 425 1046; x_wconf 87' lang='lat' dir='ltr'>mox</span> <span class='ocrx_word' id='word_1_55' title='bbox 446 981 608 1064; x_wconf 84' lang='lat' dir='ltr'>longiores.</span> 
     </span>
    </p>

    <p class='ocr_par' dir='ltr' id='par_1_4' title="bbox 58 1091 1303 2275">
     <span class='ocr_line' id='line_1_9' title="bbox 150 1091 1303 1176; baseline 0 -17"><span class='ocrx_word' id='word_1_56' title='bbox 150 1095 276 1176; x_wconf 85' lang='lat' dir='ltr'>Saepius</span> <span class='ocrx_word' id='word_1_57' title='bbox 302 1095 366 1158; x_wconf 85' lang='lat' dir='ltr'>istis</span> <span class='ocrx_word' id='word_1_58' title='bbox 387 1094 418 1155; x_wconf 92' lang='lat' dir='ltr'>in</span> <span class='ocrx_word' id='word_1_59' title='bbox 439 1093 567 1174; x_wconf 85' lang='lat' dir='ltr'>glossis,</span> <span class='ocrx_word' id='word_1_60' title='bbox 600 1099 659 1155; x_wconf 88' lang='lat' dir='ltr'>tam</span> <span class='ocrx_word' id='word_1_61' title='bbox 680 1091 718 1156; x_wconf 89' lang='lat' dir='ltr'>ad</span> <span class='ocrx_word' id='word_1_62' title='bbox 739 1091 904 1156; x_wconf 89' lang='lat' dir='ltr'>notularum</span> <span class='ocrx_word' id='word_1_63' title='bbox 925 1091 1015 1157; x_wconf 89' lang='lat' dir='ltr'>tinem</span> <span class='ocrx_word' id='word_1_64' title='bbox 1035 1111 1123 1176; x_wconf 89' lang='lat' dir='ltr'>quam</span> <span class='ocrx_word' id='word_1_65' title='bbox 1145 1095 1250 1158; x_wconf 90' lang='lat' dir='ltr'>mediis</span> <span class='ocrx_word' id='word_1_66' title='bbox 1272 1095 1303 1160; x_wconf 91' lang='lat' dir='ltr'>in</span> 
     </span>
     <span class='ocr_line' id='line_1_10' title="bbox 60 1201 1302 1286; baseline 0 -18"><span class='ocrx_word' id='word_1_67' title='bbox 60 1205 177 1286; x_wconf 90' lang='lat' dir='ltr'>verbis,</span> <span class='ocrx_word' id='word_1_68' title='bbox 200 1211 359 1267; x_wconf 91' lang='lat' dir='ltr'>occurrunt</span> <span class='ocrx_word' id='word_1_69' title='bbox 380 1202 474 1284; x_wconf 79' lang='lat' dir='ltr'>siglae</span> <span class='ocrx_word' id='word_1_70' title='bbox 498 1204 515 1264; x_wconf 90' lang='lat' dir='ltr'>b</span> <span class='ocrx_word' id='word_1_71' title='bbox 539 1208 589 1264; x_wconf 88' lang='lat' dir='ltr'>aut</span> <span class='ocrx_word' id='word_1_72' title='bbox 609 1201 643 1266; x_wconf 88' lang='lat' dir='ltr'>b&#39;</span> <span class='ocrx_word' id='word_1_73' title='bbox 667 1209 716 1265; x_wconf 86' lang='lat' dir='ltr'>eut</span> <span class='ocrx_word' id='word_1_74' title='bbox 737 1204 775 1264; x_wconf 76' lang='lat' dir='ltr'>b⁴.</span> <span class='ocrx_word' id='word_1_75' title='bbox 819 1201 882 1267; x_wconf 88' lang='lat' dir='ltr'>llae</span> <span class='ocrx_word' id='word_1_76' title='bbox 909 1204 979 1285; x_wconf 93' lang='lat' dir='ltr'>quin</span> <span class='ocrx_word' id='word_1_77' title='bbox 1007 1203 1045 1266; x_wconf 91' lang='lat' dir='ltr'>ad</span> <span class='ocrx_word' id='word_1_78' title='bbox 1069 1211 1202 1268; x_wconf 89' lang='lat' dir='ltr'>nostrum</span> <span class='ocrx_word' id='word_1_79' title='bbox 1223 1205 1302 1270; x_wconf 88' lang='lat' dir='ltr'>reie-</span> 
     </span>
     <span class='ocr_line' id='line_1_11' title="bbox 58 1311 1297 1394; baseline 0.007 -18"><span class='ocrx_word' id='word_1_80' title='bbox 58 1315 176 1378; x_wconf 89' lang='lat' dir='ltr'>rendaa</span> <span class='ocrx_word' id='word_1_81' title='bbox 199 1315 257 1379; x_wconf 90' lang='lat' dir='ltr'>sint</span> <span class='ocrx_word' id='word_1_82' title='bbox 277 1313 467 1391; x_wconf 83' lang='lat' dir='ltr'>bernardum,</span> <span class='ocrx_word' id='word_1_83' title='bbox 492 1327 580 1392; x_wconf 90' lang='lat' dir='ltr'>quem</span> <span class='ocrx_word' id='word_1_84' title='bbox 602 1329 692 1392; x_wconf 91' lang='lat' dir='ltr'>super</span> <span class='ocrx_word' id='word_1_85' title='bbox 710 1311 805 1374; x_wconf 87' lang='lat' dir='ltr'>Prima</span> <span class='ocrx_word' id='word_1_86' title='bbox 828 1311 945 1394; x_wconf 85' lang='lat' dir='ltr'>glossas</span> <span class='ocrx_word' id='word_1_87' title='bbox 967 1312 1077 1376; x_wconf 86' lang='lat' dir='ltr'>iecisse</span> <span class='ocrx_word' id='word_1_88' title='bbox 1098 1314 1190 1378; x_wconf 83' lang='lat' dir='ltr'>refert</span> <span class='ocrx_word' id='word_1_89' title='bbox 1209 1315 1297 1384; x_wconf 81' lang='lat' dir='ltr'>lotit-</span> 
     </span>
     <span class='ocr_line' id='line_1_12' title="bbox 58 1421 1299 1506; baseline -0.001 -16"><span class='ocrx_word' id='word_1_90' title='bbox 58 1439 115 1490; x_wconf 83' lang='lat' dir='ltr'>llos</span> <span class='ocrx_word' id='word_1_91' title='bbox 138 1424 295 1502; x_wconf 69' lang='lat' dir='ltr'>Andreae,</span> <span class='ocrx_word' id='word_1_92' title='bbox 315 1440 353 1485; x_wconf 87' lang='lat' dir='ltr'>eo</span> <span class='ocrx_word' id='word_1_93' title='bbox 375 1424 470 1484; x_wconf 92' lang='lat' dir='ltr'>minus</span> <span class='ocrx_word' id='word_1_94' title='bbox 492 1423 557 1503; x_wconf 91' lang='lat' dir='ltr'>quis</span> <span class='ocrx_word' id='word_1_95' title='bbox 579 1423 609 1484; x_wconf 91' lang='lat' dir='ltr'>in</span> <span class='ocrx_word' id='word_1_96' title='bbox 631 1421 751 1484; x_wconf 91' lang='lat' dir='ltr'>dubium</span> <span class='ocrx_word' id='word_1_97' title='bbox 770 1423 938 1499; x_wconf 78' lang='lat' dir='ltr'>revocabit,</span> <span class='ocrx_word' id='word_1_98' title='bbox 962 1423 1041 1505; x_wconf 93' lang='lat' dir='ltr'>quod</span> <span class='ocrx_word' id='word_1_99' title='bbox 1057 1423 1112 1486; x_wconf 92' lang='lat' dir='ltr'>bac</span> <span class='ocrx_word' id='word_1_100' title='bbox 1126 1425 1189 1506; x_wconf 88' lang='lat' dir='ltr'>ipsa</span> <span class='ocrx_word' id='word_1_101' title='bbox 1204 1425 1299 1490; x_wconf 87' lang='lat' dir='ltr'>littera</span> 
     </span>
     <span class='ocr_line' id='line_1_13' title="bbox 59 1531 1300 1618; baseline 0.002 -22"><span class='ocrx_word' id='word_1_102' title='bbox 59 1534 89 1596; x_wconf 92' lang='lat' dir='ltr'>in</span> <span class='ocrx_word' id='word_1_103' title='bbox 111 1551 251 1596; x_wconf 89' lang='lat' dir='ltr'>summae</span> <span class='ocrx_word' id='word_1_104' title='bbox 271 1531 508 1613; x_wconf 83' lang='lat' dir='ltr'>inscriptionibus</span> <span class='ocrx_word' id='word_1_105' title='bbox 530 1538 682 1595; x_wconf 87' lang='lat' dir='ltr'>auctorem</span> <span class='ocrx_word' id='word_1_106' title='bbox 707 1531 841 1595; x_wconf 90' lang='lat' dir='ltr'>videmus</span> <span class='ocrx_word' id='word_1_107' title='bbox 862 1533 1065 1615; x_wconf 89' lang='lat' dir='ltr'>designatum,</span> <span class='ocrx_word' id='word_1_108' title='bbox 1094 1551 1192 1618; x_wconf 87' lang='lat' dir='ltr'>neque</span> <span class='ocrx_word' id='word_1_109' title='bbox 1212 1536 1300 1600; x_wconf 88' lang='lat' dir='ltr'>aliurn</span> 
     </span>
     <span class='ocr_line' id='line_1_14' title="bbox 59 1640 1301 1726; baseline 0.005 -22"><span class='ocrx_word' id='word_1_110' title='bbox 59 1642 210 1706; x_wconf 87' lang='lat' dir='ltr'>babemus</span> <span class='ocrx_word' id='word_1_111' title='bbox 232 1643 296 1706; x_wconf 91' lang='lat' dir='ltr'>eius</span> <span class='ocrx_word' id='word_1_112' title='bbox 317 1642 459 1723; x_wconf 90' lang='lat' dir='ltr'>temporis</span> <span class='ocrx_word' id='word_1_113' title='bbox 481 1640 688 1724; x_wconf 90' lang='lat' dir='ltr'>glossatorem,</span> <span class='ocrx_word' id='word_1_114' title='bbox 711 1642 795 1703; x_wconf 92' lang='lat' dir='ltr'>cuius</span> <span class='ocrx_word' id='word_1_115' title='bbox 816 1658 927 1705; x_wconf 89' lang='lat' dir='ltr'>nomen</span> <span class='ocrx_word' id='word_1_116' title='bbox 941 1643 989 1705; x_wconf 90' lang='lat' dir='ltr'>illa</span> <span class='ocrx_word' id='word_1_117' title='bbox 1004 1643 1138 1726; x_wconf 87' lang='lat' dir='ltr'>incipiat;</span> <span class='ocrx_word' id='word_1_118' title='bbox 1161 1646 1301 1710; x_wconf 89' lang='lat' dir='ltr'>eandem-</span> 
     </span>
     <span class='ocr_line' id='line_1_15' title="bbox 59 1749 1300 1836; baseline 0.003 -21"><span class='ocrx_word' id='word_1_119' title='bbox 59 1771 118 1835; x_wconf 87' lang='lat' dir='ltr'>que</span> <span class='ocrx_word' id='word_1_120' title='bbox 140 1754 175 1815; x_wconf 91' lang='lat' dir='ltr'>in</span> <span class='ocrx_word' id='word_1_121' title='bbox 195 1753 410 1833; x_wconf 90' lang='lat' dir='ltr'>compilationis</span> <span class='ocrx_word' id='word_1_122' title='bbox 432 1752 543 1832; x_wconf 88' lang='lat' dir='ltr'>primae</span> <span class='ocrx_word' id='word_1_123' title='bbox 566 1749 675 1833; x_wconf 88' lang='lat' dir='ltr'>glossis</span> <span class='ocrx_word' id='word_1_124' title='bbox 697 1758 903 1814; x_wconf 89' lang='lat' dir='ltr'>occurrentem</span> <span class='ocrx_word' id='word_1_125' title='bbox 925 1751 961 1812; x_wconf 93' lang='lat' dir='ltr'>ab</span> <span class='ocrx_word' id='word_1_126' title='bbox 983 1751 1046 1814; x_wconf 92' lang='lat' dir='ltr'>aliis</span> <span class='ocrx_word' id='word_1_127' title='bbox 1068 1752 1106 1814; x_wconf 92' lang='lat' dir='ltr'>ad</span> <span class='ocrx_word' id='word_1_128' title='bbox 1126 1752 1300 1836; x_wconf 89' lang='lat' dir='ltr'>Papiensem</span> 
     </span>
     <span class='ocr_line' id='line_1_16' title="bbox 60 1859 1300 1942; baseline 0.002 -18"><span class='ocrx_word' id='word_1_129' title='bbox 60 1863 151 1926; x_wconf 89' lang='lat' dir='ltr'>video</span> <span class='ocrx_word' id='word_1_130' title='bbox 181 1863 247 1926; x_wconf 91' lang='lat' dir='ltr'>sine</span> <span class='ocrx_word' id='word_1_131' title='bbox 276 1862 335 1926; x_wconf 90' lang='lat' dir='ltr'>ulla</span> <span class='ocrx_word' id='word_1_132' title='bbox 363 1861 557 1925; x_wconf 87' lang='lat' dir='ltr'>haesitatione</span> <span class='ocrx_word' id='word_1_133' title='bbox 585 1859 707 1924; x_wconf 87' lang='lat' dir='ltr'>relatam</span> <span class='ocrx_word' id='word_1_134' title='bbox 722 1859 774 1938; x_wconf 84' lang='lat'>⁵⁹).</span> <span class='ocrx_word' id='word_1_135' title='bbox 819 1860 880 1926; x_wconf 87' lang='lat' dir='ltr'>Sed</span> <span class='ocrx_word' id='word_1_136' title='bbox 908 1867 938 1924; x_wconf 91' lang='lat' dir='ltr'>et</span> <span class='ocrx_word' id='word_1_137' title='bbox 962 1877 1022 1924; x_wconf 92' lang='lat' dir='ltr'>non</span> <span class='ocrx_word' id='word_1_138' title='bbox 1043 1861 1224 1942; x_wconf 85' lang='lat' dir='ltr'>signatarum</span> <span class='ocrx_word' id='word_1_139' title='bbox 1246 1863 1300 1927; x_wconf 91' lang='lat' dir='ltr'>has</span> 
     </span>
     <span class='ocr_line' id='line_1_17' title="bbox 60 1970 1299 2052; baseline 0 -18"><span class='ocrx_word' id='word_1_140' title='bbox 60 1972 168 2036; x_wconf 88' lang='lat' dir='ltr'>illasve</span> <span class='ocrx_word' id='word_1_141' title='bbox 196 1971 395 2035; x_wconf 89' lang='lat' dir='ltr'>Bernardinae</span> <span class='ocrx_word' id='word_1_142' title='bbox 424 1989 494 2034; x_wconf 90' lang='lat' dir='ltr'>esse</span> <span class='ocrx_word' id='word_1_143' title='bbox 523 1971 662 2052; x_wconf 87' lang='lat' dir='ltr'>originis,</span> <span class='ocrx_word' id='word_1_144' title='bbox 692 1987 759 2034; x_wconf 91' lang='lat' dir='ltr'>eam</span> <span class='ocrx_word' id='word_1_145' title='bbox 787 1970 826 2033; x_wconf 89' lang='lat' dir='ltr'>ob</span> <span class='ocrx_word' id='word_1_146' title='bbox 856 1989 976 2034; x_wconf 90' lang='lat' dir='ltr'>causam</span> <span class='ocrx_word' id='word_1_147' title='bbox 997 1987 1052 2052; x_wconf 94' lang='lat' dir='ltr'>pro</span> <span class='ocrx_word' id='word_1_148' title='bbox 1075 1971 1225 2035; x_wconf 90' lang='lat' dir='ltr'>verisimili</span> <span class='ocrx_word' id='word_1_149' title='bbox 1246 1971 1299 2034; x_wconf 91' lang='lat' dir='ltr'>ba·</span> 
     </span>
     <span class='ocr_line' id='line_1_18' title="bbox 61 2079 1298 2164; baseline 0 -20"><span class='ocrx_word' id='word_1_150' title='bbox 61 2082 198 2162; x_wconf 86' lang='lat' dir='ltr'>buerim‚</span> <span class='ocrx_word' id='word_1_151' title='bbox 231 2081 310 2164; x_wconf 90' lang='lat' dir='ltr'>quod</span> <span class='ocrx_word' id='word_1_152' title='bbox 337 2083 467 2162; x_wconf 85' lang='lat' dir='ltr'>ipserum</span> <span class='ocrx_word' id='word_1_153' title='bbox 496 2087 545 2143; x_wconf 85' lang='lat' dir='ltr'>aut</span> <span class='ocrx_word' id='word_1_154' title='bbox 574 2097 681 2144; x_wconf 90' lang='lat' dir='ltr'>sensus</span> <span class='ocrx_word' id='word_1_155' title='bbox 708 2087 758 2144; x_wconf 88' lang='lat' dir='ltr'>aut</span> <span class='ocrx_word' id='word_1_156' title='bbox 785 2079 880 2144; x_wconf 88' lang='lat' dir='ltr'>littera</span> <span class='ocrx_word' id='word_1_157' title='bbox 908 2081 944 2143; x_wconf 93' lang='lat' dir='ltr'>iis</span> <span class='ocrx_word' id='word_1_158' title='bbox 966 2097 1087 2162; x_wconf 88' lang='lat' dir='ltr'>prorsus</span> <span class='ocrx_word' id='word_1_159' title='bbox 1109 2081 1298 2163; x_wconf 87' lang='lat' dir='ltr'>concordant,</span> 
     </span>
     <span class='ocr_line' id='line_1_19' title="bbox 62 2187 1298 2275; baseline 0.001 -20"><span class='ocrx_word' id='word_1_160' title='bbox 62 2211 137 2273; x_wconf 89' lang='lat' dir='ltr'>quae</span> <span class='ocrx_word' id='word_1_161' title='bbox 161 2193 192 2254; x_wconf 91' lang='lat' dir='ltr'>in</span> <span class='ocrx_word' id='word_1_162' title='bbox 214 2209 327 2256; x_wconf 90' lang='lat' dir='ltr'>summa</span> <span class='ocrx_word' id='word_1_163' title='bbox 349 2190 488 2274; x_wconf 88' lang='lat' dir='ltr'>leguntur</span> <span class='ocrx_word' id='word_1_164' title='bbox 501 2187 554 2266; x_wconf 79' lang='lat'>⁰⁰).</span> <span class='ocrx_word' id='word_1_165' title='bbox 594 2190 658 2254; x_wconf 89' lang='lat' dir='ltr'>Nec</span> <span class='ocrx_word' id='word_1_166' title='bbox 678 2197 779 2254; x_wconf 91' lang='lat' dir='ltr'>tamen</span> <span class='ocrx_word' id='word_1_167' title='bbox 799 2207 905 2254; x_wconf 89' lang='lat' dir='ltr'>omnes</span> <span class='ocrx_word' id='word_1_168' title='bbox 927 2191 1139 2257; x_wconf 88' lang='lat' dir='ltr'>venditaverim</span> <span class='ocrx_word' id='word_1_169' title='bbox 1159 2209 1213 2275; x_wconf 92' lang='lat' dir='ltr'>pro</span> <span class='ocrx_word' id='word_1_170' title='bbox 1227 2191 1298 2256; x_wconf 88' lang='lat' dir='ltr'>Ber·</span> 
     </span>
    </p>
   </div>
   <div class='ocr_carea' id='block_1_4' title="bbox 93 2535 1309 4598">
    <p class='ocr_par' dir='ltr' id='par_1_5' title="bbox 93 2535 1303 3195">
     <span class='ocr_line' id='line_1_20' title="bbox 93 2535 1301 2606; baseline -0.001 -16"><span class='ocrx_word' id='word_1_171' title='bbox 93 2535 1301 2606; x_wconf 48' lang='lat' dir='ltr'>QffimmfflwmmmmmmmMMwmmmMWfflmmoe</span> 
     </span>
     <span class='ocr_line' id='line_1_21' title="bbox 150 2623 1300 2694; baseline 0.003 -20"><span class='ocrx_word' id='word_1_172' title='bbox 150 2623 239 2674; x_wconf 74' lang='lat' dir='ltr'>obtuta</span> <span class='ocrx_word' id='word_1_173' title='bbox 267 2624 410 2690; x_wconf 83' lang='lat' dir='ltr'>exponitur</span> <span class='ocrx_word' id='word_1_174' title='bbox 438 2625 561 2690; x_wconf 88' lang='lat' dir='ltr'>locisque</span> <span class='ocrx_word' id='word_1_175' title='bbox 589 2626 776 2691; x_wconf 89' lang='lat' dir='ltr'>comprobatur</span> <span class='ocrx_word' id='word_1_176' title='bbox 803 2624 907 2691; x_wconf 88' lang='lat' dir='ltr'>allatis,</span> <span class='ocrx_word' id='word_1_177' title='bbox 936 2624 1002 2690; x_wconf 91' lang='lat' dir='ltr'>quid</span> <span class='ocrx_word' id='word_1_178' title='bbox 1030 2627 1065 2677; x_wconf 90' lang='lat' dir='ltr'>sit</span> <span class='ocrx_word' id='word_1_179' title='bbox 1089 2628 1300 2694; x_wconf 86' lang='lat' dir='ltr'>prosopopoeia,</span> 
     </span>
     <span class='ocr_line' id='line_1_22' title="bbox 149 2709 1300 2779; baseline 0 -16"><span class='ocrx_word' id='word_1_180' title='bbox 149 2709 1300 2779; x_wconf 41' lang='lat' dir='ltr'>amaeoeffl,qmmoem,mwmmmem3Mcdtmestfflmdbvv</span> 
     </span>
     <span class='ocr_line' id='line_1_23' title="bbox 154 2796 1303 2864; baseline -0.001 -17"><span class='ocrx_word' id='word_1_181' title='bbox 154 2796 332 2862; x_wconf 80' lang='lat' dir='ltr'>apocrisiarius</span> <span class='ocrx_word' id='word_1_182' title='bbox 349 2797 415 2851; x_wconf 82' lang='lat' dir='ltr'>haec</span> <span class='ocrx_word' id='word_1_183' title='bbox 435 2798 509 2850; x_wconf 85' lang='lat' dir='ltr'>vides</span> <span class='ocrx_word' id='word_1_184' title='bbox 530 2804 631 2849; x_wconf 89' lang='lat' dir='ltr'>notata:</span> <span class='ocrx_word' id='word_1_185' title='bbox 655 2798 671 2848; x_wconf 83' lang='grc' dir='ltr'>ἰ.</span> <span class='ocrx_word' id='word_1_186' title='bbox 684 2814 704 2847; x_wconf 87' lang='lat' dir='ltr'>e.</span> <span class='ocrx_word' id='word_1_187' title='bbox 723 2797 880 2864; x_wconf 79' lang='lat' dir='ltr'>secretorioe,·</span> <span class='ocrx_word' id='word_1_188' title='bbox 897 2815 953 2846; x_wconf 85' lang='lat' dir='ltr'>nam</span> <span class='ocrx_word' id='word_1_189' title='bbox 971 2798 1014 2862; x_wconf 80' lang='lat' dir='ltr'>qui</span> <span class='ocrx_word' id='word_1_190' title='bbox 1025 2798 1094 2864; x_wconf 77' lang='lat' dir='ltr'>uirgo</span> <span class='ocrx_word' id='word_1_191' title='bbox 1113 2797 1200 2847; x_wconf 80' lang='lat' dir='ltr'>dicitur</span> <span class='ocrx_word' id='word_1_192' title='bbox 1218 2797 1243 2848; x_wconf 83' lang='lat' dir='ltr'>a&#39;n</span> <span class='ocrx_word' id='word_1_193' title='bbox 1260 2797 1303 2846; x_wconf 83' lang='lat' dir='ltr'>be-</span> 
     </span>
     <span class='ocr_line' id='line_1_24' title="bbox 152 2883 1303 2952; baseline 0.002 -18"><span class='ocrx_word' id='word_1_194' title='bbox 152 2885 210 2934; x_wconf 84' lang='lat' dir='ltr'>breo</span> <span class='ocrx_word' id='word_1_195' title='bbox 231 2883 296 2934; x_wconf 86' lang='lat' dir='ltr'>olma</span> <span class='ocrx_word' id='word_1_196' title='bbox 315 2885 404 2952; x_wconf 81' lang='lat' dir='ltr'>(sict),</span> <span class='ocrx_word' id='word_1_197' title='bbox 422 2884 447 2932; x_wconf 82' lang='lat' dir='ltr'>in</span> <span class='ocrx_word' id='word_1_198' title='bbox 463 2901 535 2950; x_wconf 76' lang='lat' dir='ltr'>greco</span> <span class='ocrx_word' id='word_1_199' title='bbox 552 2885 678 2951; x_wconf 66' lang='lat' dir='ltr'>apocrisia,</span> <span class='ocrx_word' id='word_1_200' title='bbox 696 2885 721 2934; x_wconf 79' lang='lat' dir='ltr'>in</span> <span class='ocrx_word' id='word_1_201' title='bbox 740 2884 814 2933; x_wconf 82' lang='lat' dir='ltr'>totino</span> <span class='ocrx_word' id='word_1_202' title='bbox 832 2893 939 2945; x_wconf 86' lang='lat' dir='ltr'>secreto‚·</span> <span class='ocrx_word' id='word_1_203' title='bbox 957 2885 990 2936; x_wconf 87' lang='lat' dir='ltr'>ad</span> <span class='ocrx_word' id='word_1_204' title='bbox 1004 2887 1075 2938; x_wconf 85' lang='lat' dir='ltr'>rubr.</span> <span class='ocrx_word' id='word_1_205' title='bbox 1093 2883 1140 2939; x_wconf 86' lang='lat' dir='ltr'>c·2</span> <span class='ocrx_word' id='word_1_206' title='bbox 1159 2883 1192 2936; x_wconf 88' lang='lat' dir='ltr'>de</span> <span class='ocrx_word' id='word_1_207' title='bbox 1206 2901 1303 2937; x_wconf 87' lang='lat' dir='ltr'>renun-</span> 
     </span>
     <span class='ocr_line' id='line_1_25' title="bbox 153 2969 1303 3036; baseline -0.002 -14"><span class='ocrx_word' id='word_1_208' title='bbox 153 2972 210 3022; x_wconf 78' lang='lat' dir='ltr'>liat.</span> <span class='ocrx_word' id='word_1_209' title='bbox 237 2970 272 3032; x_wconf 82' lang='grc' dir='ltr'>(Ι.</span> <span class='ocrx_word' id='word_1_210' title='bbox 285 2971 314 3034; x_wconf 81' lang='grc'>5)</span> <span class='ocrx_word' id='word_1_211' title='bbox 341 2969 477 3024; x_wconf 87' lang='lat' dir='ltr'>adiicitur:</span> <span class='ocrx_word' id='word_1_212' title='bbox 501 2969 667 3020; x_wconf 81' lang='lat' dir='ltr'>Laudenensr&#39;e</span> <span class='ocrx_word' id='word_1_213' title='bbox 691 2971 791 3021; x_wconf 83' lang='lat' dir='ltr'>ecclesio</span> <span class='ocrx_word' id='word_1_214' title='bbox 808 2980 844 3021; x_wconf 86' lang='lat' dir='ltr'>est</span> <span class='ocrx_word' id='word_1_215' title='bbox 861 2971 930 3020; x_wconf 81' lang='lat' dir='ltr'>sedes</span> <span class='ocrx_word' id='word_1_216' title='bbox 947 2971 1158 3036; x_wconf 69' lang='lat' dir='ltr'>archiepiscopales</span> <span class='ocrx_word' id='word_1_217' title='bbox 1175 2972 1200 3020; x_wconf 81' lang='lat' dir='ltr'>in</span> <span class='ocrx_word' id='word_1_218' title='bbox 1217 2970 1303 3020; x_wconf 84' lang='lat' dir='ltr'>Dacia</span> 
     </span>
     <span class='ocr_line' id='line_1_26' title="bbox 152 3055 1303 3124; baseline -0.001 -16"><span class='ocrx_word' id='word_1_219' title='bbox 152 3058 262 3124; x_wconf 85' lang='lat' dir='ltr'>(sict),</span> <span class='ocrx_word' id='word_1_220' title='bbox 286 3057 320 3109; x_wconf 91' lang='lat' dir='ltr'>ad</span> <span class='ocrx_word' id='word_1_221' title='bbox 343 3074 369 3109; x_wconf 80' lang='lat' dir='ltr'>v.</span> <span class='ocrx_word' id='word_1_222' title='bbox 389 3057 457 3123; x_wconf 82' lang='lat' dir='ltr'>opud</span> <span class='ocrx_word' id='word_1_223' title='bbox 478 3059 644 3108; x_wconf 81' lang='lat' dir='ltr'>monasterium</span> <span class='ocrx_word' id='word_1_224' title='bbox 668 3057 721 3113; x_wconf 73' lang='lat' dir='ltr'>od</span> <span class='ocrx_word' id='word_1_225' title='bbox 743 3058 818 3111; x_wconf 90' lang='lat' dir='ltr'>eod.:</span> <span class='ocrx_word' id='word_1_226' title='bbox 849 3058 971 3124; x_wconf 76' lang='lat' dir='ltr'>quoderat</span> <span class='ocrx_word' id='word_1_227' title='bbox 994 3058 1055 3108; x_wconf 84' lang='lat' dir='ltr'>celto</span> <span class='ocrx_word' id='word_1_228' title='bbox 1078 3057 1107 3110; x_wconf 73' lang='lat' dir='ltr'>S.</span> <span class='ocrx_word' id='word_1_229' title='bbox 1126 3055 1243 3108; x_wconf 75' lang='lat' dir='ltr'>Niebebui</span> <span class='ocrx_word' id='word_1_230' title='bbox 1265 3074 1303 3107; x_wconf 86' lang='lat' dir='ltr'>ec-</span> 
     </span>
     <span class='ocr_line' id='line_1_27' title="bbox 156 3141 255 3195; baseline 0.02 -3"><span class='ocrx_word' id='word_1_231' title='bbox 156 3141 255 3195; x_wconf 75' lang='lat' dir='ltr'>etesiae.</span> 
     </span>
    </p>

    <p class='ocr_par' dir='ltr' id='par_1_6' title="bbox 103 3229 1306 4076">
     <span class='ocr_line' id='line_1_28' title="bbox 103 3229 1303 3296; baseline 0.003 -15"><span class='ocrx_word' id='word_1_232' title='bbox 103 3229 137 3295; x_wconf 78' lang='lat'>⁵⁹)</span> <span class='ocrx_word' id='word_1_233' title='bbox 158 3229 298 3282; x_wconf 90' lang='lat' dir='ltr'>Benevole</span> <span class='ocrx_word' id='word_1_234' title='bbox 315 3247 420 3284; x_wconf 88' lang='lat' dir='ltr'>mecum</span> <span class='ocrx_word' id='word_1_235' title='bbox 439 3232 647 3284; x_wconf 83' lang='lat' dir='ltr'>communicavit</span> <span class='ocrx_word' id='word_1_236' title='bbox 664 3234 822 3296; x_wconf 77' lang='lat' dir='ltr'>soenngerus,</span> <span class='ocrx_word' id='word_1_237' title='bbox 840 3231 948 3285; x_wconf 91' lang='lat' dir='ltr'>duobus</span> <span class='ocrx_word' id='word_1_238' title='bbox 962 3234 989 3284; x_wconf 92' lang='lat' dir='ltr'>in</span> <span class='ocrx_word' id='word_1_239' title='bbox 1003 3231 1132 3285; x_wconf 89' lang='lat' dir='ltr'>Breviarii</span> <span class='ocrx_word' id='word_1_240' title='bbox 1151 3231 1228 3284; x_wconf 89' lang='lat' dir='ltr'>libris</span> <span class='ocrx_word' id='word_1_241' title='bbox 1241 3229 1303 3284; x_wconf 84' lang='lat' dir='ltr'>MS.</span> 
     </span>
     <span class='ocr_line' id='line_1_29' title="bbox 154 3315 1305 3386; baseline 0.002 -18"><span class='ocrx_word' id='word_1_242' title='bbox 154 3315 388 3386; x_wconf 87' lang='lat' dir='ltr'>Monacensibus,</span> <span class='ocrx_word' id='word_1_243' title='bbox 415 3319 472 3371; x_wconf 87' lang='lat' dir='ltr'>scil.</span> <span class='ocrx_word' id='word_1_244' title='bbox 493 3317 563 3371; x_wconf 85' lang='lat' dir='ltr'>Fris.</span> <span class='ocrx_word' id='word_1_245' title='bbox 579 3318 627 3373; x_wconf 84' lang='lat'>152</span> <span class='ocrx_word' id='word_1_246' title='bbox 651 3325 676 3371; x_wconf 91' lang='lat' dir='ltr'>et</span> <span class='ocrx_word' id='word_1_247' title='bbox 697 3320 770 3385; x_wconf 79' lang='lat' dir='ltr'>Aug.</span> <span class='ocrx_word' id='word_1_248' title='bbox 789 3317 951 3373; x_wconf 79' lang='lat' dir='ltr'>ecclee.179</span> <span class='ocrx_word' id='word_1_249' title='bbox 969 3319 1060 3386; x_wconf 88' lang='lat' dir='ltr'>plures</span> <span class='ocrx_word' id='word_1_250' title='bbox 1079 3319 1215 3372; x_wconf 89' lang='lat' dir='ltr'>obversari</span> <span class='ocrx_word' id='word_1_251' title='bbox 1234 3317 1305 3384; x_wconf 84' lang='lat' dir='ltr'>glos-</span> 
     </span>
     <span class='ocr_line' id='line_1_30' title="bbox 157 3403 1305 3474; baseline -0.002 -18"><span class='ocrx_word' id='word_1_252' title='bbox 157 3403 1305 3474; x_wconf 44' lang='lat' dir='ltr'>mmmmemfflmmmmfflmfflmhmt&amp;mmmmm</span> 
     </span>
     <span class='ocr_line' id='line_1_31' title="bbox 151 3490 1306 3560; baseline 0 -18"><span class='ocrx_word' id='word_1_253' title='bbox 151 3493 230 3543; x_wconf 78' lang='lat' dir='ltr'>otinas</span> <span class='ocrx_word' id='word_1_254' title='bbox 248 3491 281 3543; x_wconf 88' lang='lat' dir='ltr'>ad</span> <span class='ocrx_word' id='word_1_255' title='bbox 299 3498 420 3544; x_wconf 88' lang='lat' dir='ltr'>nostrum</span> <span class='ocrx_word' id='word_1_256' title='bbox 440 3495 530 3558; x_wconf 89' lang='lat' dir='ltr'>traxit,</span> <span class='ocrx_word' id='word_1_257' title='bbox 550 3495 656 3560; x_wconf 89' lang='lat' dir='ltr'>quoties</span> <span class='ocrx_word' id='word_1_258' title='bbox 672 3494 701 3545; x_wconf 93' lang='lat' dir='ltr'>in</span> <span class='ocrx_word' id='word_1_259' title='bbox 714 3490 847 3546; x_wconf 77' lang='lat' dir='ltr'>Tancredi</span> <span class='ocrx_word' id='word_1_260' title='bbox 862 3491 1009 3544; x_wconf 86' lang='lat' dir='ltr'>aliorumve</span> <span class='ocrx_word' id='word_1_261' title='bbox 1029 3492 1206 3544; x_wconf 88' lang='lat' dir='ltr'>recentiorum</span> <span class='ocrx_word' id='word_1_262' title='bbox 1225 3491 1306 3544; x_wconf 90' lang='lat' dir='ltr'>inter·</span> 
     </span>
     <span class='ocr_line' id='line_1_32' title="bbox 152 3575 1304 3646; baseline -0.002 -18"><span class='ocrx_word' id='word_1_263' title='bbox 152 3583 262 3644; x_wconf 80' lang='lat' dir='ltr'>prelum</span> <span class='ocrx_word' id='word_1_264' title='bbox 280 3578 395 3646; x_wconf 85' lang='lat' dir='ltr'>glossis,</span> <span class='ocrx_word' id='word_1_265' title='bbox 415 3595 483 3646; x_wconf 86' lang='lat' dir='ltr'>quae</span> <span class='ocrx_word' id='word_1_266' title='bbox 503 3581 589 3632; x_wconf 88' lang='lat' dir='ltr'>varias</span> <span class='ocrx_word' id='word_1_267' title='bbox 608 3579 747 3632; x_wconf 89' lang='lat' dir='ltr'>doctorum</span> <span class='ocrx_word' id='word_1_268' title='bbox 765 3577 879 3632; x_wconf 82' lang='lat' dir='ltr'>afferunt</span> <span class='ocrx_word' id='word_1_269' title='bbox 896 3579 1055 3646; x_wconf 88' lang='lat' dir='ltr'>opiniones,</span> <span class='ocrx_word' id='word_1_270' title='bbox 1079 3577 1194 3630; x_wconf 87' lang='lat' dir='ltr'>litteram</span> <span class='ocrx_word' id='word_1_271' title='bbox 1215 3577 1246 3628; x_wconf 92' lang='lat' dir='ltr'>B.</span> <span class='ocrx_word' id='word_1_272' title='bbox 1266 3575 1304 3627; x_wconf 90' lang='lat' dir='ltr'>vi-</span> 
     </span>
     <span class='ocr_line' id='line_1_33' title="bbox 155 3661 1305 3732; baseline 0.002 -17"><span class='ocrx_word' id='word_1_273' title='bbox 155 3661 226 3716; x_wconf 91' lang='lat' dir='ltr'>derit</span> <span class='ocrx_word' id='word_1_274' title='bbox 245 3680 387 3730; x_wconf 88' lang='lat' dir='ltr'>recurrere,</span> <span class='ocrx_word' id='word_1_275' title='bbox 407 3664 588 3732; x_wconf 86' lang='lat' dir='ltr'>Papiensique</span> <span class='ocrx_word' id='word_1_276' title='bbox 607 3665 733 3731; x_wconf 87' lang='lat' dir='ltr'>vindicat,</span> <span class='ocrx_word' id='word_1_277' title='bbox 753 3681 834 3732; x_wconf 87' lang='lat' dir='ltr'>quam</span> <span class='ocrx_word' id='word_1_278' title='bbox 853 3664 886 3717; x_wconf 94' lang='lat' dir='ltr'>ad</span> <span class='ocrx_word' id='word_1_279' title='bbox 904 3681 927 3718; x_wconf 85' lang='lat' dir='ltr'>c.</span> <span class='ocrx_word' id='word_1_280' title='bbox 943 3663 955 3719; x_wconf 88' lang='lat'>1</span> <span class='ocrx_word' id='word_1_281' title='bbox 976 3663 1009 3716; x_wconf 89' lang='lat' dir='ltr'>de</span> <span class='ocrx_word' id='word_1_282' title='bbox 1031 3662 1164 3716; x_wconf 90' lang='lat' dir='ltr'>commod.</span> <span class='ocrx_word' id='word_1_283' title='bbox 1185 3661 1249 3725; x_wconf 90' lang='lat' dir='ltr'>(Ill.</span> <span class='ocrx_word' id='word_1_284' title='bbox 1261 3661 1305 3723; x_wconf 88' lang='grc'>13)</span> 
     </span>
     <span class='ocr_line' id='line_1_34' title="bbox 155 3747 1306 3818; baseline -0.005 -16"><span class='ocrx_word' id='word_1_285' title='bbox 155 3767 189 3803; x_wconf 87' lang='lat' dir='ltr'>ex</span> <span class='ocrx_word' id='word_1_286' title='bbox 215 3753 332 3818; x_wconf 86' lang='lat' dir='ltr'>antiquis</span> <span class='ocrx_word' id='word_1_287' title='bbox 358 3752 469 3804; x_wconf 81' lang='lat' dir='ltr'>scholiis</span> <span class='ocrx_word' id='word_1_288' title='bbox 495 3754 592 3818; x_wconf 79' lang='lat' dir='ltr'>profert</span> <span class='ocrx_word' id='word_1_289' title='bbox 610 3753 746 3818; x_wconf 85' lang='lat' dir='ltr'>glossam,</span> <span class='ocrx_word' id='word_1_290' title='bbox 769 3752 801 3803; x_wconf 94' lang='lat' dir='ltr'>B.</span> <span class='ocrx_word' id='word_1_291' title='bbox 823 3753 968 3818; x_wconf 85' lang='lat' dir='ltr'>signatam:</span> <span class='ocrx_word' id='word_1_292' title='bbox 992 3748 1065 3800; x_wconf 85' lang='lat' dir='ltr'>Haec</span> <span class='ocrx_word' id='word_1_293' title='bbox 1081 3759 1106 3800; x_wconf 86' lang='lat' dir='ltr'>ct</span> <span class='ocrx_word' id='word_1_294' title='bbox 1122 3749 1175 3800; x_wconf 82' lang='lat' dir='ltr'>ulio</span> <span class='ocrx_word' id='word_1_295' title='bbox 1193 3765 1256 3814; x_wconf 84' lang='lat' dir='ltr'>quoe</span> <span class='ocrx_word' id='word_1_296' title='bbox 1275 3747 1306 3797; x_wconf 88' lang='lat' dir='ltr'>de</span> 
     </span>
     <span class='ocr_line' id='line_1_35' title="bbox 155 3833 1306 3903; baseline -0.003 -16"><span class='ocrx_word' id='word_1_297' title='bbox 155 3845 222 3888; x_wconf 76' lang='lat' dir='ltr'>textu</span> <span class='ocrx_word' id='word_1_298' title='bbox 239 3836 395 3889; x_wconf 82' lang='lat' dir='ltr'>Pentateuelu&#39;</span> <span class='ocrx_word' id='word_1_299' title='bbox 410 3838 463 3888; x_wconf 76' lang='lat' dir='ltr'>tute</span> <span class='ocrx_word' id='word_1_300' title='bbox 481 3839 571 3888; x_wconf 82' lang='lat' dir='ltr'>inserui</span> <span class='ocrx_word' id='word_1_301' title='bbox 585 3837 700 3888; x_wconf 76' lang='lat' dir='ltr'>ocleatini</span> <span class='ocrx_word' id='word_1_302' title='bbox 715 3838 751 3888; x_wconf 84' lang='lat' dir='ltr'>ed</span> <span class='ocrx_word' id='word_1_303' title='bbox 766 3838 810 3888; x_wconf 84' lang='lat' dir='ltr'>boe</span> <span class='ocrx_word' id='word_1_304' title='bbox 827 3837 936 3903; x_wconf 80' lang='lat' dir='ltr'>opposui,</span> <span class='ocrx_word' id='word_1_305' title='bbox 956 3837 1099 3899; x_wconf 73' lang='lat' dir='ltr'>eiectatur,</span> <span class='ocrx_word' id='word_1_306' title='bbox 1120 3834 1180 3900; x_wconf 82' lang='lat' dir='ltr'>quid</span> <span class='ocrx_word' id='word_1_307' title='bbox 1196 3833 1230 3884; x_wconf 80' lang='lat' dir='ltr'>de</span> <span class='ocrx_word' id='word_1_308' title='bbox 1251 3833 1306 3884; x_wconf 85' lang='lat' dir='ltr'>tali-</span> 
     </span>
     <span class='ocr_line' id='line_1_36' title="bbox 157 3923 1304 3991; baseline -0.002 -18"><span class='ocrx_word' id='word_1_309' title='bbox 157 3925 202 3973; x_wconf 80' lang='lat' dir='ltr'>bue</span> <span class='ocrx_word' id='word_1_310' title='bbox 214 3924 268 3989; x_wconf 82' lang='lat' dir='ltr'>soit</span> <span class='ocrx_word' id='word_1_311' title='bbox 283 3925 309 3974; x_wconf 80' lang='lat' dir='ltr'>in</span> <span class='ocrx_word' id='word_1_312' title='bbox 325 3926 401 3976; x_wconf 80' lang='lat' dir='ltr'>veteri</span> <span class='ocrx_word' id='word_1_313' title='bbox 418 3925 468 3991; x_wconf 75' lang='lat' dir='ltr'>tege</span> <span class='ocrx_word' id='word_1_314' title='bbox 491 3934 616 3988; x_wconf 84' lang='lat' dir='ltr'>statutum,</span> <span class='ocrx_word' id='word_1_315' title='bbox 641 3941 688 3974; x_wconf 85' lang='lat' dir='ltr'>non</span> <span class='ocrx_word' id='word_1_316' title='bbox 712 3924 779 3990; x_wconf 80' lang='lat' dir='ltr'>qood</span> <span class='ocrx_word' id='word_1_317' title='bbox 801 3925 881 3976; x_wconf 84' lang='lat' dir='ltr'>omnia</span> <span class='ocrx_word' id='word_1_318' title='bbox 898 3924 994 3975; x_wconf 71' lang='lat' dir='ltr'>medam</span> <span class='ocrx_word' id='word_1_319' title='bbox 1011 3924 1047 3976; x_wconf 87' lang='lat' dir='ltr'>od</span> <span class='ocrx_word' id='word_1_320' title='bbox 1063 3923 1166 3974; x_wconf 85' lang='lat' dir='ltr'>litteram</span> <span class='ocrx_word' id='word_1_321' title='bbox 1183 3938 1234 3972; x_wconf 83' lang='lat' dir='ltr'>esse</span> <span class='ocrx_word' id='word_1_322' title='bbox 1252 3937 1304 3972; x_wconf 84' lang='lat' dir='ltr'>ser·</span> 
     </span>
     <span class='ocr_line' id='line_1_37' title="bbox 160 4009 504 4076; baseline 0.006 -16"><span class='ocrx_word' id='word_1_323' title='bbox 160 4009 251 4074; x_wconf 82' lang='lat' dir='ltr'>vando,</span> <span class='ocrx_word' id='word_1_324' title='bbox 271 4020 298 4060; x_wconf 84' lang='lat' dir='ltr'>ut</span> <span class='ocrx_word' id='word_1_325' title='bbox 313 4010 357 4065; x_wconf 81' lang='lat' dir='ltr'>Di.</span> <span class='ocrx_word' id='word_1_326' title='bbox 372 4009 417 4064; x_wconf 88' lang='lat' dir='ltr'>VI.</span> <span class='ocrx_word' id='word_1_327' title='bbox 435 4011 504 4076; x_wconf 79' lang='lat' dir='ltr'>§ult</span> 
     </span>
    </p>

    <p class='ocr_par' dir='ltr' id='par_1_7' title="bbox 103 4093 1309 4598">
     <span class='ocr_line' id='line_1_38' title="bbox 103 4093 1303 4165; baseline 0.003 -19"><span class='ocrx_word' id='word_1_328' title='bbox 103 4093 139 4160; x_wconf 78' lang='lat'>⁰⁸)</span> <span class='ocrx_word' id='word_1_329' title='bbox 158 4093 330 4152; x_wconf 85' lang='lat' dir='ltr'>Verbotenus</span> <span class='ocrx_word' id='word_1_330' title='bbox 355 4100 443 4165; x_wconf 87' lang='lat' dir='ltr'>enlm,</span> <span class='ocrx_word' id='word_1_331' title='bbox 467 4099 519 4150; x_wconf 83' lang='lat' dir='ltr'>nisi</span> <span class='ocrx_word' id='word_1_332' title='bbox 543 4097 616 4165; x_wconf 89' lang='lat' dir='ltr'>qnod</span> <span class='ocrx_word' id='word_1_333' title='bbox 635 4095 758 4148; x_wconf 82' lang='lat' dir='ltr'>Ricardus</span> <span class='ocrx_word' id='word_1_334' title='bbox 783 4097 842 4152; x_wconf 91' lang='lat' dir='ltr'>loco</span> <span class='ocrx_word' id='word_1_335' title='bbox 860 4095 1007 4150; x_wconf 79' lang='lat' dir='ltr'>chordcs</span> <span class='ocrx_word' id='word_1_336' title='bbox 1027 4097 1139 4164; x_wconf 86' lang='lat' dir='ltr'>legitur,</span> <span class='ocrx_word' id='word_1_337' title='bbox 1162 4096 1196 4150; x_wconf 92' lang='lat' dir='ltr'>ad</span> <span class='ocrx_word' id='word_1_338' title='bbox 1213 4097 1251 4149; x_wconf 79' lang='lat' dir='ltr'>tit</span> <span class='ocrx_word' id='word_1_339' title='bbox 1271 4096 1303 4150; x_wconf 87' lang='lat' dir='ltr'>de</span> 
     </span>
     <span class='ocr_line' id='line_1_39' title="bbox 158 4181 1307 4253; baseline 0 -19"><span class='ocrx_word' id='word_1_340' title='bbox 158 4181 193 4234; x_wconf 89' lang='lat' dir='ltr'>V.</span> <span class='ocrx_word' id='word_1_341' title='bbox 212 4182 241 4235; x_wconf 87' lang='lat' dir='ltr'>S.</span> <span class='ocrx_word' id='word_1_342' title='bbox 268 4191 420 4253; x_wconf 89' lang='lat' dir='ltr'>recurrunt,</span> <span class='ocrx_word' id='word_1_343' title='bbox 445 4201 514 4252; x_wconf 81' lang='lat' dir='ltr'>quae</span> <span class='ocrx_word' id='word_1_344' title='bbox 538 4186 566 4240; x_wconf 91' lang='lat' dir='ltr'>in</span> <span class='ocrx_word' id='word_1_345' title='bbox 591 4185 714 4238; x_wconf 86' lang='lat' dir='ltr'>eiusdem</span> <span class='ocrx_word' id='word_1_346' title='bbox 737 4184 808 4238; x_wconf 88' lang='lat' dir='ltr'>tituli</span> <span class='ocrx_word' id='word_1_347' title='bbox 826 4184 939 4237; x_wconf 87' lang='lat' dir='ltr'>Summe</span> <span class='ocrx_word' id='word_1_348' title='bbox 959 4183 992 4238; x_wconf 89' lang='lat' dir='ltr'>de</span> <span class='ocrx_word' id='word_1_349' title='bbox 1016 4185 1096 4238; x_wconf 88' lang='lat' dir='ltr'>variis</span> <span class='ocrx_word' id='word_1_350' title='bbox 1115 4183 1203 4237; x_wconf 83' lang='lat' dir='ltr'>modis</span> <span class='ocrx_word' id='word_1_351' title='bbox 1223 4183 1307 4250; x_wconf 86' lang='lat' dir='ltr'>sigui·</span> 
     </span>
     <span class='ocr_line' id='line_1_40' title="bbox 157 4269 1306 4340; baseline 0.001 -19"><span class='ocrx_word' id='word_1_352' title='bbox 157 4269 1306 4340; x_wconf 52' lang='lat' dir='ltr'>mfflmmwwmmwfflffimmmmmmmq</span> 
     </span>
     <span class='ocr_line' id='line_1_41' title="bbox 158 4353 1306 4426; baseline 0 -18"><span class='ocrx_word' id='word_1_353' title='bbox 158 4357 269 4424; x_wconf 81' lang='lat' dir='ltr'>siquae</span> <span class='ocrx_word' id='word_1_354' title='bbox 288 4358 322 4409; x_wconf 91' lang='lat' dir='ltr'>ad</span> <span class='ocrx_word' id='word_1_355' title='bbox 339 4373 362 4410; x_wconf 86' lang='lat' dir='ltr'>e.</span> <span class='ocrx_word' id='word_1_356' title='bbox 380 4359 391 4414; x_wconf 93' lang='grc'>1</span> <span class='ocrx_word' id='word_1_357' title='bbox 411 4359 444 4411; x_wconf 89' lang='lat' dir='ltr'>de</span> <span class='ocrx_word' id='word_1_358' title='bbox 464 4359 591 4425; x_wconf 86' lang='lat' dir='ltr'>precariis</span> <span class='ocrx_word' id='word_1_359' title='bbox 612 4357 675 4422; x_wconf 86' lang='grc' dir='ltr'><strong>(ΙΙΙ.</strong></span> <span class='ocrx_word' id='word_1_360' title='bbox 690 4358 735 4422; x_wconf 83' lang='grc'>12)</span> <span class='ocrx_word' id='word_1_361' title='bbox 754 4364 879 4411; x_wconf 87' lang='lat' dir='ltr'>notantur</span> <span class='ocrx_word' id='word_1_362' title='bbox 897 4358 931 4412; x_wconf 89' lang='lat' dir='ltr'>de</span> <span class='ocrx_word' id='word_1_363' title='bbox 949 4360 1070 4426; x_wconf 83' lang='lat' dir='ltr'>ipsarum</span> <span class='ocrx_word' id='word_1_364' title='bbox 1089 4358 1247 4425; x_wconf 88' lang='lat' dir='ltr'>speciebus,</span> <span class='ocrx_word' id='word_1_365' title='bbox 1271 4353 1306 4408; x_wconf 85' lang='lat' dir='ltr'>ad</span> 
     </span>
     <span class='ocr_line' id='line_1_42' title="bbox 158 4441 1307 4512; baseline 0.001 -17"><span class='ocrx_word' id='word_1_366' title='bbox 158 4442 213 4499; x_wconf 77' lang='lat' dir='ltr'>cd</span> <span class='ocrx_word' id='word_1_367' title='bbox 231 4443 265 4496; x_wconf 89' lang='lat' dir='ltr'>de</span> <span class='ocrx_word' id='word_1_368' title='bbox 283 4443 381 4510; x_wconf 84' lang='lat' dir='ltr'>sepult.</span> <span class='ocrx_word' id='word_1_369' title='bbox 401 4442 463 4508; x_wconf 89' lang='grc' dir='ltr'><strong>(ΙΙΙ.</strong></span> <span class='ocrx_word' id='word_1_370' title='bbox 475 4444 522 4510; x_wconf 81' lang='grc'>21)</span> <span class='ocrx_word' id='word_1_371' title='bbox 541 4451 683 4499; x_wconf 88' lang='lat' dir='ltr'>occurrunt</span> <span class='ocrx_word' id='word_1_372' title='bbox 703 4444 737 4500; x_wconf 88' lang='lat' dir='ltr'>de</span> <span class='ocrx_word' id='word_1_373' title='bbox 759 4445 890 4512; x_wconf 86' lang='lat' dir='ltr'>sepulcris</span> <span class='ocrx_word' id='word_1_374' title='bbox 908 4444 1058 4512; x_wconf 84' lang='lat' dir='ltr'>eligendis,</span> <span class='ocrx_word' id='word_1_375' title='bbox 1077 4443 1110 4498; x_wconf 87' lang='lat' dir='ltr'>ad</span> <span class='ocrx_word' id='word_1_376' title='bbox 1124 4459 1146 4497; x_wconf 92' lang='lat' dir='ltr'>c.</span> <span class='ocrx_word' id='word_1_377' title='bbox 1157 4442 1175 4499; x_wconf 83' lang='lat'>2</span> <span class='ocrx_word' id='word_1_378' title='bbox 1187 4441 1220 4496; x_wconf 87' lang='lat' dir='ltr'>de</span> <span class='ocrx_word' id='word_1_379' title='bbox 1233 4441 1307 4496; x_wconf 89' lang='lat' dir='ltr'>adul·</span> 
     </span>
     <span class='ocr_line' id='line_1_43' title="bbox 160 4527 1309 4598; baseline 0.002 -16"><span class='ocrx_word' id='word_1_380' title='bbox 160 4531 235 4584; x_wconf 85' lang='lat' dir='ltr'>teriis</span> <span class='ocrx_word' id='word_1_381' title='bbox 253 4528 301 4593; x_wconf 86' lang='lat' dir='ltr'>(V.</span> <span class='ocrx_word' id='word_1_382' title='bbox 316 4529 361 4594; x_wconf 82' lang='grc'>13)</span> <span class='ocrx_word' id='word_1_383' title='bbox 379 4532 547 4598; x_wconf 82' lang='lat' dir='ltr'>proferuntur</span> <span class='ocrx_word' id='word_1_384' title='bbox 559 4531 592 4585; x_wconf 90' lang='lat' dir='ltr'>de</span> <span class='ocrx_word' id='word_1_385' title='bbox 606 4534 700 4585; x_wconf 84' lang='lat' dir='ltr'>marito</span> <span class='ocrx_word' id='word_1_386' title='bbox 713 4532 745 4584; x_wconf 91' lang='lat' dir='ltr'>ab</span> <span class='ocrx_word' id='word_1_387' title='bbox 758 4533 928 4584; x_wconf 87' lang='lat' dir='ltr'>accusatione</span> <span class='ocrx_word' id='word_1_388' title='bbox 941 4529 1106 4598; x_wconf 85' lang='lat' dir='ltr'>repellendo,</span> <span class='ocrx_word' id='word_1_389' title='bbox 1122 4545 1184 4583; x_wconf 87' lang='lat' dir='ltr'>cum</span> <span class='ocrx_word' id='word_1_390' title='bbox 1197 4527 1309 4584; x_wconf 78' lang='lat' dir='ltr'>Summe</span> 
     </span>
    </p>
   </div>
   <div class='ocr_carea' id='block_1_5' title="bbox 162 4613 1210 4752">
    <p class='ocr_par' dir='ltr' id='par_1_8' title="bbox 162 4613 1210 4752">
     <span class='ocr_line' id='line_1_44' title="bbox 162 4613 1210 4704; baseline -0.001 -34"><span class='ocrx_word' id='word_1_391' title='bbox 162 4617 260 4672; x_wconf 82' lang='lat' dir='ltr'>decret</span> <span class='ocrx_word' id='word_1_392' title='bbox 280 4617 320 4680; x_wconf 82' lang='lat' dir='ltr'>(v.</span> <span class='ocrx_word' id='word_1_393' title='bbox 334 4618 401 4670; x_wconf 87' lang='lat' dir='ltr'>inira</span> <span class='ocrx_word' id='word_1_394' title='bbox 418 4616 526 4686; x_wconf 69' lang='lat' dir='ltr'>pugill-</span> <span class='ocrx_word' id='word_1_395' title='bbox 539 4614 584 4685; x_wconf 69' lang='lat' dir='ltr'>id·</span> <span class='ocrx_word' id='word_1_396' title='bbox 603 4635 663 4687; x_wconf 83' lang='lat' dir='ltr'>pag.</span> <span class='ocrx_word' id='word_1_397' title='bbox 671 4617 729 4675; x_wconf 86' lang='lat'><strong>102.</strong></span> <span class='ocrx_word' id='word_1_398' title='bbox 743 4616 782 4686; x_wconf 76' lang='lat' dir='ltr'>§t</span> <span class='ocrx_word' id='word_1_399' title='bbox 800 4625 826 4672; x_wconf 88' lang='lat' dir='ltr'>et</span> <span class='ocrx_word' id='word_1_400' title='bbox 844 4633 904 4687; x_wconf 85' lang='lat' dir='ltr'>pag.</span> <span class='ocrx_word' id='word_1_401' title='bbox 913 4613 1210 4704; x_wconf 21' lang='lat' dir='ltr'>188·§4)1c0ntuleris.</span> 
     </span>
     <span class='ocr_line' id='line_1_45' title="bbox 991 4708 1094 4752; baseline -0.039 -1"><span class='ocrx_word' id='word_1_402' title='bbox 991 4708 1065 4752; x_wconf 72' lang='lat' dir='ltr'>ue</span> <span class='ocrx_word' id='word_1_403' title='bbox 1081 4712 1094 4747; x_wconf 84' lang='lat'><em>2</em></span> 
     </span>
    </p>
   </div>
   <div class='ocr_carea' id='block_1_6' title="bbox 0 0 1558 5184">
    <p class='ocr_par' dir='ltr' id='par_1_9' title="bbox 0 0 1558 5184">
     <span class='ocr_line' id='line_1_46' title="bbox 0 0 1558 5184; baseline 0 0"><span class='ocrx_word' id='word_1_404' title='bbox 0 0 1558 5184; x_wconf 95' lang='lat' dir='ltr'> </span> 
     </span>
    </p>
   </div>
  </div>
 </body>
</html>
