3062 5174
236 227 296 292 314
517 233 520 244 “
672 227 870 288 BERNARDI
901 228 1037 288 SUMMA

235 412 289 466 illo
317 425 380 482 cap.
404 409 509 473 Quanto
537 406 576 484 (o.
589 403 636 467 10.
659 409 705 464 Di.
720 406 838 483 LXIII.)
868 409 966 466 locum
995 423 1053 466 nou
1080 407 1205 480 habore,
1232 427 1299 468 cnm
1329 413 1392 484 iperi
1423 416 1478 471 iam

235 507 404 564 electionem
425 509 660 578 pronuntiassent
674 512 702 561 et
717 513 811 562 tamen
826 520 981 562 cousensus
994 506 1163 578 perduratio
1177 510 1273 567 iuerat
1285 510 1478 582 inquirenda,

236 607 309 660 forte
331 604 391 660 dici
411 605 531 675 poterit,
556 606 635 675 ipsos
657 602 785 660 nondum
807 604 944 676 elegisse,
975 619 1075 660 verum
1096 605 1209 664 tuturos
1231 607 1392 664 electionis
1414 617 1478 664 vota

234 703 364 762 Romano
384 701 516 772 pontiflci
536 700 707 767 innotuisse,
729 701 776 756 vel
791 700 870 772 quod
887 700 982 758 videri
995 702 1112 772 poterit,
1134 703 1204 774 quia
1218 703 1318 758 minus
1334 706 1477 760 canonino

236 800 310 854 tacta
338 799 394 854 luit
413 798 532 864 electio,
561 813 626 853 oum
654 813 689 852 ex
711 812 853 854 consensu
880 799 985 870 populi
1012 813 1070 856 uon
1097 799 1186 856 luerit
1205 801 1423 872 pronuntiata,
1450 809 1476 856 nt

236 897 281 952 Di.
294 895 382 952 LXII.
403 896 488 952 Nolle
507 897 578 950 ratio
600 890 638 966 (e.
656 890 689 967 1)
710 902 738 950 et
759 894 806 950 Di.
820 894 925 952 LXIII.
946 896 1034 954 Nocte
1048 893 1087 969 (e.
1103 893 1166 972 12),
1186 897 1347 969 Episcopus
1362 894 1406 972 (e.
1418 893 1474 968 13),

234 992 301 1048 ideo
324 993 485 1048 necessaria
505 993 598 1047 iuerat
624 1006 780 1048 cousensus
801 991 987 1062 perduratio,
1010 1009 1045 1050 ne
1066 997 1175 1068 populo
1197 1011 1254 1052 uon
1274 995 1474 1052 consentiente

235 1097 320 1163 atque
340 1091 455 1146 clericis
476 1090 586 1146 rationo
607 1089 768 1144 communis
789 1089 925 1144 utilitatis
946 1096 1013 1146 vota
1033 1089 1217 1148 mutantibus
1230 1091 1317 1148 irrita
1339 1092 1474 1149 videatur

235 1189 356 1256 electio,
384 1203 450 1243 cum
478 1202 514 1242 ex
542 1187 681 1242 electione
709 1200 767 1242 neu
796 1186 936 1242 cononice
963 1188 1041 1244 iacta
1067 1188 1142 1244 nihil
1163 1188 1236 1246 iuris
1255 1191 1423 1260 parveniat
1441 1189 1474 1246 ad

234 1285 368 1353 electum,
390 1291 421 1339 ut
442 1284 488 1340 Di.
504 1283 594 1340 LXII.
614 1283 713 1339 Nullus
731 1284 759 1338 t'n
774 1284 926 1354 episcopum
947 1280 987 1356 (c.
999 1279 1050 1358 3);
1072 1286 1189 1342 iuvatur
1209 1292 1307 1342 autem
1328 1285 1410 1342 haec
1430 1301 1473 1342 ex·

233 1381 341 1452 petitio
362 1397 399 1436 ex
420 1381 465 1436 Di.
481 1380 617 1438 XXVIII.
637 1381 681 1436 De
702 1380 893 1452 Syracusanos
916 1377 954 1452 (c.
971 1376 1033 1457 13).
1075 1383 1123 1438 Ad
1143 1385 1200 1440 boc
1223 1397 1311 1451 vero,
1338 1383 1424 1456 quod
1443 1383 1474 1438 de

234 1493 389 1534 consensus
410 1479 615 1548 perduratione
637 1477 780 1546 diximus,
809 1478 983 1534 contrarium
1005 1477 1101 1534 videri
1120 1481 1242 1550 poterit,
1264 1480 1353 1551 quod
1371 1483 1473 1555 legitur

235 1574 271 1630 de
292 1575 465 1632 voventibus
486 1577 532 1630 Di.
547 1575 667 1634 XXVII.
690 1575 722 1630 st
742 1577 864 1646 nupserit
884 1573 923 1648 (o.
939 1571 972 1649 5)
999 1584 1026 1632 et
1053 1575 1132 1648 quod
1158 1577 1264 1648 legitur
1294 1577 1334 1634 de
1366 1587 1473 1636 contra

233 1673 370 1729 heutibus
391 1673 621 1740 matrimoqum,
650 1680 682 1728 ut
710 1673 741 1728 C.
755 1673 876 1732 XXXII.
900 1667 982 1744 quit
1003 1673 1163 1728 Horrendus
1185 1671 1226 1744 (c.
1241 1669 1315 1747 57);
1346 1676 1403 1732 sed
1430 1693 1473 1732 ne

235 1770 363 1839 tandum,
387 1770 466 1842 quod
487 1769 628 1842 quaedam
651 1777 727 1837 sunt,
750 1785 823 1840 quae
844 1770 907 1826 solo
928 1783 1069 1826 consensu
1084 1770 1304 1840 contrahuntur,
1325 1779 1365 1828 nt
1379 1781 1472 1830 votum

234 1875 262 1924 et
283 1869 506 1936 matrimonium,
529 1875 561 1923 ut
582 1868 612 1923 C.
627 1867 750 1924 XXVII.
772 1882 820 1938 qu.
836 1861 864 1924 2.
886 1862 944 1938 51.
967 1863 1051 1937 (dict.
1074 1865 1152 1924 Grai.
1174 1867 1211 1922 ad
1232 1867 1367 1943 princ),
1392 1887 1472 1942 quae·

233 1966 309 2034 dam,
331 1967 362 2020 in
384 1965 490 2036 quibus
512 1981 666 2022 consensus
688 1979 746 2021 nou
768 1964 885 2030 sultlcit,
907 1964 965 2018 nisi
985 1964 1061 2018 aliae
1081 1965 1292 2022 sollemnitates
1313 1965 1472 2034 addantur,

233 2068 264 2116 ut
285 2062 398 2129 electio,
420 2063 495 2116 sicut
516 2063 546 2117 in
569 2061 614 2116 Di.
631 2061 735 2118 LXIII.
758 2062 789 2116 in
810 2060 946 2119 omnibus
967 2062 1025 2116 iere
1047 2062 1184 2132 capitulis
1204 2068 1261 2118 tem
1276 2065 1373 2133 plane
1389 2080 1471 2136 quam

231 2159 318 2230 plene
347 2158 462 2214 ostendi
488 2165 591 2229 potest.
634 2158 691 2214 Sed
714 2173 767 2214 neo
794 2157 918 2214 obiicias
946 2172 1009 2228 cap.
1031 2166 1103 2214 extr.
1124 2158 1289 2214 Alexandri
1311 2159 1352 2216 de
1374 2161 1471 2231 puerit

231 2257 281 2326 qui
303 2262 496 2326 tonsurantur,
517 2255 596 2326 quod
616 2255 659 2311 sic
680 2255 803 2326 incipit:
825 2254 870 2310 Ad
888 2263 1008 2310 nostram
1020 2256 1127 2310 noceria
1141 2250 1198 2330 ⁸⁰);
1219 2255 1298 2312 illud
1319 2258 1406 2312 enim
1426 2256 1470 2312 ad·

231 2353 370 2421 mittitur,
400 2352 470 2424 quia
497 2358 598 2408 contra
625 2354 745 2409 termam
773 2367 916 2408 canonum
938 2353 1051 2408 fueraut
1071 2352 1133 2408 siue
1153 2351 1328 2422 probatione
1351 2353 1470 2424 recepti,

230 2449 310 2522 quod
330 2449 393 2506 deri
414 2465 471 2507 non
494 2447 596 2518 debet,
618 2456 650 2506 ut
671 2447 808 2506 exvn.
825 2443 1073 2520 quicumquae
1092 2443 1132 2520 (e.
1149 2444 1182 2522 1)
1203 2455 1232 2505 et
1252 2446 1378 2506 LXIX.
1396 2442 1469 2520 qu.3

231 2547 407 2604 Menoeceos
427 2542 467 2617 (c.
483 2541 526 2620 6).

310 2643 327 2716 5
346 2639 374 2704 8.
417 2644 535 2699 Praeter
554 2643 626 2698 haec
648 2647 742 2698 autem
766 2642 959 2714 inquisitione
980 2641 1100 2715 dignum
1121 2641 1251 2712 videtur,
1279 2657 1318 2696 au
1339 2641 1468 2698 absentis

230 2742 331 2797 elerici
352 2756 508 2797 consensus
529 2740 560 2795 in
582 2739 724 2796 electione
744 2745 787 2794 est
807 2739 1007 2810 requirendus.
1050 2739 1134 2808 Quod
1153 2739 1223 2796 inde
1243 2737 1378 2812 videtur,
1402 2740 1468 2811 quia

232 2838 346 2894 absenti
368 2838 474 2892 clerieo
495 2836 521 2890 is
544 2837 594 2906 qui
616 2835 734 2908 eligitur
755 2842 797 2890 est
817 2835 1040 2907 praeficiendus,
1063 2838 1089 2892 si
1109 2837 1147 2892 ad
1168 2837 1338 2910 dignitatem
1352 2852 1467 2908 promo·

228 2942 326 3003 vetur,
348 2949 460 3005 semper
481 2940 576 2988 autem
597 2933 650 2988 ille
672 2933 722 3004 qui
743 2939 856 3003 praeest
878 2927 949 3007 [est]
972 2932 1009 2988 sb
1031 2918 1183 3002 omriibus,
1209 2935 1317 3005 quibus
1338 2943 1463 3004 praeest,

228 3030 395 3103 eligendus,
428 3036 459 3086 ut
489 3029 566 3084 inire
597 3036 668 3084 extr.
699 3029 742 3084 tlt.
772 3029 807 3088 de
835 3029 977 3086 electione
1003 3029 1037 3086 sa·
1062 3031 1279 3102 archiepiscopos
1306 3027 1350 3103 (v.
1377 3030 1417 3103 s.)
1439 3037 1464 3086 et

228 3130 274 3184 Di.
291 3129 365 3184 LXI.
380 3127 478 3182 Nellos
493 3128 584 3182 invitia
598 3123 638 3198 (c.
652 3121 722 3200 13);
744 3126 813 3182 item
835 3142 900 3184 cum
921 3127 976 3183 boe
997 3127 1035 3184 sit
1056 3127 1175 3184 deiero
1196 3129 1289 3194 istius,
1311 3132 1344 3182 ιιι
1360 3125 1464 3183 debeat

228 3225 344 3296 exquiri
363 3241 518 3280 cousensus
540 3224 600 3280 eius
622 3225 653 3278 in
678 3224 836 3291 electione,
858 3223 914 3280 hoc
934 3223 998 3280 iure
1018 3224 1130 3295 privari
1151 3240 1209 3282 non
1231 3223 1319 3278 debet
1338 3239 1396 3294 per
1416 3224 1463 3280 ab·

226 3324 359 3390 sentiam,
382 3337 447 3378 cum
468 3337 526 3378 non
547 3322 584 3376 sit
605 3320 710 3376 absens
731 3335 783 3391 per
804 3321 1024 3388 contumaciam,
1045 3327 1078 3374 ιιι
1095 3337 1135 3376 er.
1152 3319 1246 3376 (LIII.
1270 3314 1349 3391 qu.9
1366 3321 1464 3376 Oresio

227 3415 266 3489 (c.
281 3415 325 3492 4).
368 3419 544 3490 Suffragatur
571 3417 657 3474 etiam
685 3417 754 3473 huic
780 3418 859 3488 parti
886 3432 1041 3475 cousensus
1068 3415 1331 3474 Mediolanensiutu
1354 3415 1463 3472 leonae

227 3518 387 3587 positorum
418 3517 449 3570 in
481 3515 621 3570 electione
652 3515 864 3585 archiepiscopi
896 3515 1072 3586 exquisitus,
1103 3521 1135 3569 ut
1165 3513 1211 3568 Di.
1227 3512 1333 3568 LXIII.
1357 3515 1464 3578 ριιωιιο

227 3610 266 3682 (c.
282 3607 350 3684 10),
373 3619 401 3667 et
421 3627 576 3668 consensus
598 3610 760 3668 absentium
781 3612 1024 3684 suffraganeorum
1046 3612 1077 3666 io
1099 3610 1231 3682 episcopi
1245 3613 1462 3669 consecratione

228 3725 280 3780 per
300 3710 515 3779 metropolitani
543 3710 655 3764 litteras
679 3707 888 3780 requirendus,
917 3716 949 3764 ut
969 3710 1015 3763 Di.
1031 3707 1119 3773 LXV.
1139 3707 1203 3762 Non
1223 3707 1299 3762 debet
1320 3704 1362 3778 (c.
1379 3703 1415 3782 2)
1437 3716 1464 3764 et
1518 3701 1519 3728 ¹

227 3807 274 3860 Di.
290 3805 393 3862 LXIV.
415 3821 478 3876 cap.
494 3801 521 3863 1.
536 3801 564 3864 2.
580 3800 598 3864 3
613 3812 641 3862 et
654 3799 681 3862 6.
725 3805 823 3862 Tertio
851 3806 953 3878 etiam,
982 3807 1007 3861 si
1033 3805 1126 3860 maior
1149 3820 1216 3876 para
1237 3803 1343 3858 abacus
1364 3805 1461 3874 fuerit,

227 3905 283 3958 bac
303 3903 414 3958 ratione
434 3903 529 3958 minor
550 3917 617 3972 pars
638 3899 758 3958 babebit
778 3903 938 3972 potentiam
958 3902 1098 3975 eligendi,
1119 3901 1269 3973 quodesse
1289 3903 1408 3974 nequit,
1428 3904 1464 3958 ad

227 3991 319 4054 instar
340 4000 411 4066 eius,
434 3996 512 4069 quod
534 3997 641 4052 dicitur
662 3999 708 4052 Di.
721 3998 809 4054 LXV.
831 3999 905 4054 Sane
925 3996 965 4076 (e.
981 3994 1024 4072 1),
1045 4001 1109 4056 Noa
1122 3999 1199 4054 debet
1208 3999 1352 4069 episcopus
1366 3996 1408 4073 (c.
1420 3995 1462 4074 2).

226 4097 282 4156 Pro
304 4097 363 4152 alia
382 4111 450 4150 vero
477 4099 558 4164 parte
587 4094 657 4150 iecit
684 4103 744 4151 tum
771 4096 989 4152 cousuetudInis
1016 4095 1186 4162 auctoritas,
1215 4101 1275 4150 tum
1302 4111 1462 4167 gravamen

225 4195 420 4250 ecclesiarum.
469 4189 533 4246 Non
562 4192 640 4246 enim
666 4191 755 4246 habet
782 4192 959 4250 consuetudo
988 4193 1058 4248 tales
1087 4191 1125 4248 ad
1151 4191 1321 4246 electionem
1350 4196 1461 4262 vocari,

225 4291 453 4361 uniuscuiusque
480 4294 575 4342 antem
603 4289 742 4344 ecelesiae
771 4289 959 4360 cousuetudo,
984 4288 1140 4346 dummodo
1161 4304 1221 4344 non
1242 4289 1280 4344 sit
1299 4291 1395 4346 veteri
1416 4293 1463 4346 vel

223 4403 300 4444 novo
320 4392 489 4444 testamento
510 4385 654 4442 contraria
675 4385 722 4440 vel
742 4401 795 4456 per
815 4402 983 4458 expressum
1004 4401 1144 4443 canonem
1157 4385 1318 4458 extit-pata,
1340 4387 1463 4444 firmiter

224 4589 258 4655 ³⁰)
272 4587 341 4644 (loll.
352 4588 413 4644 Per.
427 4592 464 4643 tit.
474 4587 515 4647 68.
529 4605 551 4644 c.
561 4588 593 4655 2;
613 4591 647 4644 ci.
660 4607 682 4645 c.
692 4587 718 4648 8.
730 4589 781 4644 ΠΙ.
790 4589 833 4648 27.
847 4589 973 4662 Compl-
1019 4592 1054 4659 ³¹)
1067 4590 1133 4648 (lod.
1145 4591 1268 4658 euenere,
1282 4607 1338 4659 quo
1353 4603 1459 4649 servato
