3098 5184
230 215 319 276 XXII
445 239 453 250 ·
711 211 984 270 PRAEFATIO

230 390 291 458 Sed
311 391 394 473 parvi
414 389 527 468 habeo,
558 406 635 470 pune
662 407 701 454 ax
726 388 791 452 istis
813 389 949 452 omnibus
971 388 1008 452 de
1032 387 1184 452 vacillante
1205 385 1323 450 loannis
1343 385 1401 450 lida
1423 403 1462 450 eo

232 501 328 582 magis
358 499 506 582 possimus
538 498 696 564 desumere
724 505 914 580 argumenta,
944 499 1022 580 quod
1057 505 1088 562 et
1114 497 1152 560 de
1173 495 1327 562 Damasina
1349 515 1464 562 summa

230 611 322 692 ipsius
355 610 553 672 narrationem
585 609 681 672 minus
714 615 878 671 correctam
907 627 976 672 esse
1005 625 1075 669 mox
1103 605 1276 670 videbimus.
1329 607 1360 670 ld
1389 626 1464 670 tero

230 719 331 801 magni
359 717 431 782 mihi
459 718 575 782 uidetur
604 719 761 795 momenti,
791 718 870 799 quod
896 717 997 780 nullibi
1018 716 1099 795 alias,
1122 723 1262 798 quantum
1283 735 1322 780 ex
1342 716 1465 799 fugitiva

231 828 410 898 additionum
430 826 615 910 aliorumque
643 828 760 892 loannis
790 828 964 909 scriptorum
987 827 1214 909 perlustratione
1233 826 1364 890 iudicare
1385 827 1465 907 licet,

230 937 432 1004 bernardinas
454 955 588 1004 summas
610 937 646 1002 ab
668 940 732 1020 ipso
754 937 831 1002 facta
851 938 890 1000 sit
911 939 1038 1017 meuti03
1060 955 1157 1018 neque
1179 935 1235 1000 alia
1258 936 1363 1000 desunt
1377 953 1467 1018 argu-

233 1055 350 1128 menta,
379 1064 456 1128 puae
483 1048 602 1111 nimiam
624 1047 724 1112 loanni
745 1047 876 1112 tribuere
897 1047 985 1110 fidem
1009 1045 1205 1110 dissuadeant
1248 1046 1362 1110 Etenim
1384 1064 1467 1110 sum-

233 1157 376 1222 mularum
395 1155 432 1220 de
454 1158 640 1222 matrimonio
662 1165 692 1222 et
712 1157 750 1220 de
772 1157 936 1237 electione,
958 1157 1027 1220 licet
1049 1173 1100 1219 eas
1121 1155 1240 1237 saepius
1262 1157 1318 1220 sibi
1338 1157 1467 1220 Bernar-

234 1268 289 1332 dus
310 1267 342 1330 in
363 1266 555 1330 decretalium
577 1284 691 1331 summa
714 1267 921 1347 vindicaverit,
949 1266 1028 1330 illam
1051 1265 1168 1329 silentio
1195 1282 1315 1346 prorsus
1335 1274 1469 1348 praeter-

235 1378 323 1454 misit,
345 1376 422 1440 hane
441 1393 514 1440 vero
528 1376 672 1440 Bemardi
687 1377 916 1459 compostellani
930 1394 999 1442 esse
1014 1376 1086 1438 dixit
1100 1374 1271 1456 opusculum
1287 1375 1345 1456 39);
1368 1395 1469 1458 neque

235 1487 386 1569 Papiensis
407 1503 498 1568 super
520 1485 725 1567 compilatione
746 1488 840 1568 prima
866 1486 971 1550 librum
1000 1504 1052 1567 pro
1074 1486 1225 1550 succincto
1245 1486 1375 1566 ipsarum
1395 1487 1470 1549 iuris

236 1597 424 1660 materiarum
446 1595 624 1676 compendio
645 1596 682 1659 ad
704 1595 873 1678 systematis
895 1595 1029 1660 ordinem
1050 1597 1170 1660 redacto
1188 1593 1328 1660 habuisse
1343 1596 1469 1675 videtur,

235 1707 277 1772 uti
299 1724 338 1770 ex
358 1707 447 1768 totius
469 1706 644 1770 narrationis
666 1713 807 1768 contextu
827 1707 898 1770 satis
921 1714 1060 1788 apparet,
1085 1705 1140 1770 sed
1161 1705 1304 1769 bernardi
1324 1723 1471 1770 summam

236 1815 281 1894 (id
296 1815 376 1897 quod
391 1814 428 1878 de
443 1815 659 1879 recentioribus
674 1831 793 1898 quoque
808 1834 835 1878 e.
853 1833 883 1897 g.
899 1815 1021 1880 Glilcltio
1036 1815 1079 1893 ⁴⁰)
1094 1816 1251 1880 dicendum
1273 1819 1333 1891 est)
1354 1815 1411 1877 illis
1432 1814 1472 1878 ad

235 1925 404 1995 Decretum,
428 1925 477 2006 qui
499 1942 632 1988 summae
654 1942 764 1990 nomen
786 1924 930 2002 terebant,
954 1927 1098 1988 continuis
1121 1925 1338 1989 commentariis
1353 1925 1471 2007 glossa-

236 2052 361 2116 rumque
383 2033 568 2115 apparatibus
591 2042 622 2097 et
641 2041 793 2116 comparat
814 2042 844 2098 et
869 2035 1058 2114 adnumerat,
1086 2037 1165 2118 quod
1194 2054 1282 2117 quarn
1313 2053 1472 2098 erroneum

237 2146 283 2224 sit,
305 2145 401 2224 ipsum
422 2144 517 2225 primo
539 2143 650 2221 obtutu,
673 2145 699 2208 si
720 2162 755 2206 re
777 2163 848 2208 vera
869 2144 973 2208 librum
995 2145 1254 2228 istumhnbuisset
1274 2147 1305 2208 in
1327 2145 1472 2224 manibus,

236 2253 402 2318 nullatenus
422 2252 529 2334 lugere
550 2254 705 2333 potuisset.
743 2253 802 2318 Sed
824 2253 900 2318 haec
921 2273 990 2318 eum
1012 2262 1120 2318 mntem
1143 2257 1173 2318 in
1195 2255 1284 2318 linem
1306 2255 1381 2318 dicta
1404 2255 1471 2334 sint,

235 2383 274 2428 ne
295 2363 373 2428 iusto
395 2363 499 2426 maiori
520 2364 693 2426 auctoritate
714 2363 855 2441 huantur,
879 2383 955 2447 quae
977 2366 1104 2447 scriptor
1125 2365 1175 2430 ille
1196 2365 1326 2448 profert,
1349 2381 1408 2426 nou
1429 2363 1473 2425 fa-

236 2474 366 2553 cundus,
395 2472 449 2538 sed
471 2472 708 2538 fecundissimus.
751 2473 826 2538 Nam
856 2475 971 2557 quidvis
1000 2483 1048 2539 aut
1071 2476 1119 2540 alii
1141 2476 1255 2557 pridem
1278 2475 1473 2538 iudicauerint

238 2591 288 2648 aut
315 2584 371 2666 ipsi
398 2583 557 2648 sentiamus
587 2583 624 2646 de
652 2583 769 2648 loannis
796 2586 970 2648 auctoritate
998 2592 1029 2648 et
1060 2585 1134 2664 lide,
1169 2587 1262 2668 ipsius
1293 2586 1338 2648 rei
1367 2584 1476 2646 verita-

238 2701 336 2773 tatem,
359 2693 379 2756 i.
395 2711 423 2756 e.
445 2693 585 2774 scriptam
607 2692 802 2774 alienorde,
824 2694 854 2757 id
874 2694 954 2776 quod
976 2694 1023 2758 vel
1040 2693 1275 2776 Diplovataccius
1289 2692 1332 2768 ⁴¹)
1355 2692 1474 2756 dubium

239 2803 408 2884 reliquerat,
431 2809 462 2866 et
483 2802 671 2883 superstitem
693 2821 762 2867 esse
783 2821 939 2884 summam,
965 2804 1168 2886 comprobavit
1188 2803 1306 2869 mndem
1329 2800 1423 2870 serti
1443 2804 1474 2864 in

240 2912 459 2995 perscrutandis
480 2911 665 2976 bibliothecis
692 2912 852 2994 industria,
884 2914 934 2994 qui
955 2932 994 2978 ex
1015 2915 1087 2978 (lod.
1109 2915 1252 2980 Vaticano
1273 2913 1323 2977 Nr.
1338 2911 1421 2978 2692
1446 2918 1477 2974 et

217 3021 452 3110 'praelationem
483 3038 616 3086 summae
647 3021 754 3086 excudi
782 3021 852 3086 lecit
872 3021 915 3100 “l
945 3031 976 3086 et
1007 3041 1112 3088 versus
1144 3024 1258 3089 finales.
1310 3021 1354 3085 De
1382 3038 1473 3099 noro,

241 3132 320 3215 quod
341 3139 475 3196 servatus
497 3132 535 3195 sit
555 3132 612 3195 iste
633 3131 723 3210 liber,
753 3132 790 3194 ad
812 3132 953 3214 liquidum
974 3134 1109 3215 perduxit
1130 3135 1202 3198 God.
1226 3134 1400 3198 Parisiensis
1421 3131 1474 3193 de-

243 3241 381 3323 scriptio,
410 3259 464 3322 per
490 3241 532 3308 ta
553 3242 639 3310 l'orle
665 3243 767 3322 paucis
797 3243 880 3306 annis
909 3250 975 3324 post
1003 3243 1069 3308 datu
1083 3242 1136 3322 ⁴³).
1180 3245 1250 3308 Cum
1280 3259 1351 3307 uero
1377 3249 1407 3305 et
1427 3242 1477 3304 bic

243 3350 431 3433 praelationis
445 3350 521 3416 lines
535 3352 566 3414 in
581 3352 830 3416 communicandis
846 3371 979 3416 summae
1000 3353 1100 3416 verbis
1121 3372 1181 3417 non
1202 3355 1240 3416 sit
1258 3361 1475 3434 transgressus,

242 3477 340 3541 nequa
362 3459 399 3524 de
420 3461 550 3541 ratione,
579 3479 667 3544 quam
689 3463 717 3525 in
740 3479 795 3525 suo
818 3462 960 3543 opusculo
982 3470 1102 3526 secutos
1123 3465 1162 3526 sit
1182 3462 1367 3540 Bernardus,
1394 3461 1477 3542 quid·

246 3587 332 3651 quam
360 3568 438 3634 aliud
466 3570 587 3650 dixerit,
617 3572 673 3635 nisi
702 3591 790 3656 quam
818 3573 991 3654 saepissime
1013 3571 1050 3636 ab
1071 3575 1136 3655 ipso
1158 3573 1268 3636 laudari
1289 3571 1361 3635 iuris
1382 3570 1477 3634 civilis

279 3925 313 3994 θ’)
335 3924 375 3981 Of.
393 3931 485 3982 loannis
502 3931 604 3982 Andrm
623 3927 703 3981 addit.
724 3925 757 3979 ad
782 3943 854 3994 spee.
876 3926 955 3980 iudic.
974 3925 1035 3982 Lib.
1049 3925 1097 3981 IV.
1118 3926 1149 3980 P.
1164 3927 1183 3980 1.
1203 3928 1274 3982 rubr.
1293 3926 1326 3980 de
1345 3924 1477 3980 electione

333 4031 360 4067 tn
401 4031 467 4069 rinc.

279 4109 315 4174 ω)
334 4032 472 4165 Chlilhllr.
485 4113 574 4165 oticttt
592 4126 733 4179 praecogn.
752 4109 827 4162 univ.
846 4111 952 4177 iuriapr.
971 4109 1077 4177 eccles,
1097 4109 1158 4163 Hal.
1174 4107 1249 4177 1786,
1267 4107 1333 4174 §oh
1349 4125 1374 4176 p.
1386 4107 1445 4164 155.

278 4204 313 4271 ⁴¹)
332 4205 408 4261 Nihil
426 4209 454 4260 in
474 4203 1021 4272 bernardivitc(1.c.Nr.³d.r01.ttsb)
1047 4206 1135 4274 allent,
1158 4222 1226 4273 quae
1251 4221 1306 4258 non
1330 4203 1428 4258 habeat
1447 4222 1481 4258 ex

334 4292 436 4347 Ioanne
455 4294 589 4346 Andreae.

280 4388 315 4454 ⁴²)
333 4388 377 4442 De
396 4388 474 4442 claris
493 4389 639 4457 archigym.
659 4389 728 4442 Bon.
748 4389 860 4456 profess.
879 4387 910 4440 T.
924 4387 945 4441 L
958 4386 1015 4444 Po
1027 4388 1078 4440 sub
1092 4385 1140 4439 Νι.
1151 4385 1227 4440 ΧΝ.
1241 4385 1290 4454 ts.
1303 4403 1329 4453 p·
1340 4383 1394 4442 2⁰2
1403 4401 1446 4452 sq.

280 4483 315 4548 ⁴³)
334 4481 367 4536 In
385 4483 469 4536 libro:
488 4481 599 4537 Notiees
618 4490 644 4537 et
662 4485 769 4538 extraits
787 4484 836 4538 dea
857 4461 1017 4538 manuscrits
1035 4482 1069 4536 de
1087 4483 1114 4537 la
1131 4483 1317 4549 bibliotheque
1336 4481 1482 4549 nationale,

338 4568 625 4640 Rmsspfflm
