3098 5184
192 231 264 287 XIV
667 234 945 292 PRAEFATIO

192 407 249 472 sibi
262 409 399 490 imposuit
413 409 553 474 historiae
568 411 639 474 iuris
654 411 789 475 canonici
803 411 1037 476 conscribendae
1052 428 1136 493 onus,
1156 431 1243 495 quern
1259 411 1424 492 celerrime,

194 519 233 582 uti
254 519 347 584 studia
369 539 437 597 sua,
466 522 506 584 ita
527 522 621 603 ipsum
644 539 717 604 opus
737 541 792 604 per
814 541 851 586 ea
872 530 1021 604 tempora,
1045 541 1221 605 quamquam
1243 521 1423 605 longissime,

193 646 262 692 esse
284 630 492 710 deducturum,
526 651 602 714 quae
625 634 702 698 inter
723 633 890 696 Gratianum
918 639 1006 714 atque
1027 633 1237 696 Bernardinam
1260 641 1290 695 et
1311 632 1424 714 Grego-

192 740 304 802 rianam
326 741 511 804 intercedunt
533 743 764 824 compilationes.
808 743 906 807 Taceo
935 745 1035 824 itaque
1065 743 1102 806 de
1130 743 1318 824 Appendiee,
1350 760 1425 823 quae

192 848 297 912 dicitur
319 851 440 914 Consilii
461 851 679 931 Lateranensis,
701 860 789 934 atque
804 853 841 915 de
856 852 999 916 Lucensis
1015 854 1126 918 codicis
1145 851 1332 933 collectione,
1354 870 1425 914 nec-

192 976 252 1020 non
275 959 313 1021 de
335 979 384 1039 ea,
408 979 483 1042 quae
506 981 544 1024 ex
565 961 741 1025 bibliotheca
757 962 925 1026 Cessellana
946 970 976 1026 et
997 964 1142 1044 originem
1165 964 1246 1026 duxit
1260 971 1290 1026 et
1306 980 1423 1040 nomen,

193 1087 315 1150 quarum
336 1070 384 1132 illa
405 1071 482 1136 inter
503 1071 577 1136 Acte
598 1071 796 1136 Consiliorum
817 1073 935 1173 sappius
957 1081 1003 1138 cst
1023 1073 1117 1154 edita,
1145 1073 1267 1138 alteram
1288 1071 1424 1140 lltusius

191 1179 398 1261 promulgavit,
418 1180 495 1244 baec
515 1199 588 1243 vero
610 1183 640 1243 in
661 1181 683 1248 l.
705 1182 738 1250 X.
753 1181 909 1249 boehmeri
925 1183 955 1246 G.
972 1183 993 1245 l.
1011 1183 1080 1246 Cnn.
1104 1183 1233 1247 editione
1255 1201 1340 1263 quam
1362 1181 1424 1262 plu-

194 1290 335 1352 rimorum
357 1299 491 1354 versatur
511 1292 541 1354 in
563 1292 706 1356 manibus.
755 1292 853 1355 Taceo
876 1293 913 1356 de
933 1291 1065 1360 ttiahtcrl
1085 1293 1230 1374 Lipsiensi
1250 1290 1425 1354 collectione

192 1399 315 1478 inedita,
337 1408 425 1482 atque
448 1401 486 1464 de
507 1401 579 1480 illis,
602 1420 676 1484 quas
697 1401 858 1470 'lltttlucrus
879 1403 937 1466 iam
959 1411 1027 1466 ante
1047 1402 1104 1466 hos
1119 1402 1182 1465 lere
1197 1402 1314 1483 triginta
1330 1418 1424 1463 annos

192 1508 313 1590 Brugis,
345 1528 438 1591 nuper
458 1510 651 1578 llttSStulus
672 1511 790 1575 Parisiis
816 1513 993 1576 invenerunt
1011 1511 1202 1575 decretalium
1224 1510 1424 1590 collectiones,

192 1625 222 1682 et
244 1619 401 1683 dissimiles
422 1619 565 1684 Bernardi
591 1622 741 1686 Breviorio
770 1629 800 1685 et
822 1621 997 1686 anteriores.
1042 1621 1102 1687 Sed
1123 1637 1181 1685 nec
1211 1621 1248 1684 de
1269 1619 1328 1682 hoc
1348 1620 1422 1701 ipso,

193 1747 259 1792 cum
281 1731 351 1792 novi
374 1729 443 1812 quid
463 1749 523 1794 non
545 1732 679 1812 habeam,
702 1731 781 1814 quod
803 1732 840 1795 de
863 1733 927 1796 eius
951 1734 1066 1797 ratione
1088 1739 1118 1795 et
1138 1729 1237 1794 indole
1259 1737 1309 1793 aut
1329 1735 1424 1793 aetate

191 1839 287 1902 notari
305 1841 398 1922 possit
407 1837 444 1922 ⁴),
468 1841 626 1924 quidquam
647 1843 706 1904 hcc
726 1841 794 1905 loco
817 1841 973 1924 proferam.
1009 1841 1091 1916 Quae
1107 1859 1179 1904 vero
1195 1839 1231 1904 ad
1246 1841 1310 1904 eius
1325 1855 1424 1903 exem-

191 1947 270 2031 plum
293 1957 323 2012 et
344 1949 592 2034 complementum
612 1959 717 2032 postea
739 1957 950 2014 emanaverunt
975 1949 1215 2032 compilationes:
1250 1945 1423 2015 Secunda

192 2059 265 2138 scil,
283 2059 314 2123 in
329 2079 416 2142 quam
430 2079 517 2123 unam
532 2061 659 2128 lotuues
675 2059 812 2128 tielensis
827 2061 911 2142 quasi
925 2063 1025 2144 coegit
1039 2059 1163 2128 dttbcrtt
1177 2061 1423 2142 compilationem,

191 2169 334 2232 hacteuus
356 2189 394 2233 ne
416 2172 565 2234 inventam
586 2172 706 2253 quidem
727 2173 757 2235 in
778 2151 982 2252 bibliothecis,
1004 2179 1092 2253 atque
1113 2169 1217 2250 lteri,
1238 2189 1276 2233 an
1296 2189 1331 2232 re
1354 2187 1423 2233 vera

191 2286 307 2342 servata
329 2280 415 2343 nobis
438 2282 475 2344 sit
492 2279 647 2359 Bruxellis,
669 2279 803 2364 dubiam3
826 2279 933 2344 deinde
955 2281 1102 2358 l'ertia,
1123 2277 1202 2348 l‘ctri
1222 2277 1424 2346 lleutttutttul

192 2407 261 2452 cura
291 2407 330 2452 ex
357 2391 450 2471 ipsius
478 2391 642 2453 iunocentii
663 2389 692 2451 Ρ.
707 2389 755 2453 lll.
785 2391 921 2454 mandato
950 2391 1073 2455 collecta
1093 2391 1315 2472 Bononiamque
1337 2391 1424 2452 Anno

193 2497 275 2564 1210
295 2501 482 2579 transmissa,
504 2507 535 2563 ut
556 2502 586 2563 in
609 2501 672 2565 eius
692 2499 789 2563 locum
804 2501 995 2581 succederet,
1018 2520 1104 2583 quam
1120 2501 1232 2564 Romae
1247 2519 1299 2563 sue
1314 2500 1424 2581 privata

192 2611 363 2674 auctoritate
385 2612 570 2678 attemerdo
586 2610 826 2694 compostellano
847 2611 1055 2676 archidiacono
1077 2617 1251 2693 congestam
1274 2610 1329 2674 sub
1351 2609 1424 2674 llo·

279 2863 306 2910 et
326 2856 445 2911 Mutheri
463 2857 542 2912 Tem.
554 2857 590 2912 IL
610 2876 636 2926 p.
649 2857 701 2914 22⁰
715 2874 755 2925 sq.
780 2859 813 2912 ab
838 2875 870 2912 eo
894 2859 1033 2928 evulgatae
1058 2863 1134 2912 suut:
1167 2856 1281 2912 »Kleine
1302 2857 1425 2926 Beitrhge

278 2961 327 2997 zur
343 2943 495 2999 Kenntniss
514 2945 561 3000 der
578 2943 861 2999 Glossaroren-Zeit«

237 3030 261 3098 ⁴)
278 3030 311 3084 ld
326 3047 412 3085 unum
430 3033 526 3086 leviter
542 3035 652 3101 attingo,
671 3032 748 3100 capi
764 3033 797 3086 de
811 3033 925 3085 matrim.
944 3037 1036 3085 contre
1048 3031 1153 3096 interd,
1172 3031 1245 3098 quod
1258 3031 1346 3084 solum
1358 3028 1425 3084 Oce·

277 3119 369 3174 lestini
381 3121 412 3174 P.
425 3137 525 3176 nomen
537 3122 566 3174 in
576 3122 662 3174 fronte
673 3120 755 3174 habet
765 3119 912 3188 pluresque
922 3119 1020 3175 dubios
1029 3119 1126 3172 fecisse
1136 3118 1242 3172 videtur
1251 3117 1283 3170 de
1293 3117 1425 3172 Breviorii

279 3207 382 3274 origine
394 3213 455 3260 ante
467 3209 501 3261 A.
516 3205 580 3263 1191
601 3207 734 3275 ponenda,
752 3207 860 3258 iamiam
879 3205 989 3274 allegari
1007 3206 1035 3257 in
1053 3204 1183 3258 Bernardi
1202 3204 1235 3256 de
1255 3205 1424 3256 matrimonio

279 3293 416 3348 summula
434 3297 473 3358 (v.
490 3296 549 3347 infr.
567 3311 594 3362 p.
608 3293 687 3362 304),
710 3293 792 3361 idque
812 3308 867 3346 non
887 3290 1034 3346 Clementis
1047 3289 1113 3358 Ill.,
1136 3291 1185 3344 sed
1204 3289 1351 3344 Goelestini
1373 3291 1424 3344 sub

277 3382 400 3449 nomine,
425 3382 520 3450 procul
542 3384 633 3448 itaque
655 3381 754 3447 dubio,
779 3379 852 3448 quod
871 3380 942 3431 etin
962 3395 983 3432 c.
996 3376 1021 3434 2.
1042 3375 1074 3432 O·
1087 3376 1203 3433 XXXV.
1224 3393 1268 3444 qu.
1283 3375 1299 3432 6
1317 3375 1424 3442 (Pelea)

277 3467 375 3520 lactum
393 3468 528 3535 videmus,
544 3467 614 3522 illud
633 3484 689 3536 eap.
707 3468 741 3520 ed
753 3466 912 3520 Pontificem
931 3466 1012 3518 huius
1032 3465 1149 3518 nominis
1166 3465 1314 3518 secundum
1328 3464 1424 3516 multo-

278 3571 330 3622 que
349 3557 465 3622 priorem
482 3560 593 3608 aetatem
613 3561 655 3608 est
671 3533 850 3608 referendum.
888 3551 943 3606 Sed
966 3558 1006 3620 et,
1033 3567 1099 3619 ques
1120 3549 1267 3606 Clementis
1286 3550 1336 3604 ΙΙΙ.
1360 3551 1425 3603 Bre-

278 3643 392 3696 vierium
419 3642 527 3696 exhibet
551 3642 710 3710 decretales,
738 3646 833 3708 postea
853 3639 1010 3694 crediderim
1029 3655 1090 3694 esse
1109 3654 1124 3690 a
1142 3637 1278 3690 Bernardo
1297 3637 1425 3693 adiectos.

278 3727 377 3782 Earum
396 3732 468 3782 enim
487 3746 542 3783 non
560 3729 649 3782 solum
668 3735 731 3782 sunt
751 3728 945 3796 paucissimae,
972 3725 1021 3780 sed
1039 3741 1089 3780 nec
1107 3724 1209 3780 obde
1227 3724 1333 3792 frigidis
1351 3723 1425 3776 vide-

277 3831 339 3870 mus
352 3815 385 3868 ad
395 3816 473 3874 illum
485 3818 525 3870 til.
537 3816 684 3884 laudatum,
701 3815 765 3868 lieet
776 3816 865 3868 fusius
876 3813 1007 3868 Berntrdi
1019 3827 1125 3869 summa
1142 3816 1204 3878 aget
1221 3811 1254 3866 de
1272 3810 1425 3881 frigiditatis

280 3903 488 3971 impedimento,
510 3910 536 3957 et
554 3904 586 3956 de
605 3920 627 3956 c.
641 3902 725 3958 dett
745 3902 777 3954 de
796 3901 859 3953 cler.
878 3901 984 3968 coniug.
1003 3900 1115 3966 abipso
1134 3897 1256 3966 allegatis
1282 3915 1314 3950 ex
1341 3897 1425 3950 veteri

278 3990 422 4057 interprete
434 3989 543 4044 adnotat
552 3989 777 4056 &Augustique
796 3986 940 4056 Pepiensis
958 3985 1072 4040 consilio
1091 3993 1118 4038 et
1132 3984 1232 4040 auxilio
1245 4000 1306 4039 esse
1319 3985 1426 4051 factum,

281 4082 310 4128 ut
327 4077 389 4130 illae
408 4077 538 4146 epistolae
557 4076 770 4146 dispensatoriae
787 4072 1055 4142 fuerinlaGregorio
1068 4070 1145 4124 VIII.
1164 4087 1318 4137 concessae,
1335 4086 1351 4124 a
1365 4068 1426 4122 (lle-

278 4170 366 4218 mente
380 4161 429 4218 ΙΙΙ.
447 4166 633 4230 confirmatae,
656 4163 685 4216 id
710 4162 783 4228 quod
806 4162 883 4216 facile
908 4161 961 4230 ipsi
987 4160 1020 4212 ad
1044 4159 1105 4214 illas
1131 4157 1267 4211 addendas
1292 4157 1426 4226 potuisset

165 4275 169 4285 ·
279 4250 342 4307 dere
361 4267 462 4304 ansam.
489 4249 644 4304 Hostiensis
664 4251 692 4302 in
711 4255 852 4302 comment.
870 4247 904 4300 ad
922 4263 944 4300 c.
956 4245 991 4302 29
1003 4245 1030 4299 X
1044 4247 1077 4298 de
1095 4247 1152 4298 iure
1172 4250 1237 4312 patr.
1256 4243 1424 4296 Breviarium

280 4339 331 4391 sub
349 4337 503 4392 Alexandro
522 4335 572 4390 111.
593 4337 766 4406 compilatum
784 4342 810 4388 et
834 4335 1036 4402 comprobatum
1060 4348 1120 4386 esse
1145 4331 1223 4398 dicit,
1246 4329 1373 4396 idemque
1395 4330 1425 4381 in

279 4439 415 4493 anonyma
450 4440 556 4477 summa
589 4423 721 4490 legimus,
757 4437 838 4490 quam
868 4422 1000 4492 excerpsit
1028 4418 1189 4472 Vincentius
1219 4417 1424 4472 bellovacensis

279 4513 317 4578 (v.
334 4513 406 4581 App.
428 4513 478 4566 sub
492 4509 540 4564 Vl.
558 4509 594 4564 D.
613 4525 673 4580 pag.
685 4507 763 4576 ³58„
782 4507 812 4562 id
828 4526 893 4564 uero
910 4509 1015 4578 ipsum,
1032 4512 1132 4579 quanta
1150 4506 1204 4558 ism
1222 4511 1285 4576 lupe
1303 4503 1425 4570 antiqua·

280 4615 339 4654 rum
358 4599 578 4668 compilationum
595 4597 675 4652 fuerit
691 4597 814 4664 iascttie,
831 4569 896 4650 sabe
914 4594 1079 4664 comprobat.
