<?xml version="1.0" encoding="UTF-8"?>
<!DOCTYPE html PUBLIC "-//W3C//DTD XHTML 1.0 Transitional//EN"
    "http://www.w3.org/TR/xhtml1/DTD/xhtml1-transitional.dtd">
<html xmlns="http://www.w3.org/1999/xhtml" xml:lang="en" lang="en">
 <head>
  <title>
</title>
<meta http-equiv="Content-Type" content="text/html;charset=utf-8" />
  <meta name='ocr-system' content='tesseract 3.04.00' />
  <meta name='ocr-capabilities' content='ocr_page ocr_carea ocr_par ocr_line ocrx_word'/>
</head>
<body>
  <div class='ocr_page' id='page_1' title='image "./summadecretaliu00laspgoog_0032.png"; bbox 0 0 3098 5184; ppageno 0'>
   <div class='ocr_carea' id='block_1_1' title="bbox 545 223 1278 286">
    <p class='ocr_par' dir='ltr' id='par_1_1' title="bbox 545 223 1278 286">
     <span class='ocr_line' id='line_1_1' title="bbox 545 223 1278 286; baseline -0.004 -1"><span class='ocrx_word' id='word_1_1' title='bbox 545 227 780 286; x_wconf 75' lang='lat' dir='ltr'><strong>uotuobts.</strong></span> <span class='ocrx_word' id='word_1_2' title='bbox 1165 223 1278 282; x_wconf 83' lang='lat' dir='ltr'><strong>xxvtt</strong></span> 
     </span>
    </p>
   </div>
   <div class='ocr_carea' id='block_1_2' title="bbox 70 399 1287 2682">
    <p class='ocr_par' dir='ltr' id='par_1_2' title="bbox 83 399 1278 578">
     <span class='ocr_line' id='line_1_2' title="bbox 85 399 1278 486; baseline -0.003 -20"><span class='ocrx_word' id='word_1_3' title='bbox 85 405 124 486; x_wconf 89' lang='lat' dir='ltr'><strong>qni</strong></span> <span class='ocrx_word' id='word_1_4' title='bbox 144 403 201 468; x_wconf 88' lang='lat' dir='ltr'><strong>nili</strong></span> <span class='ocrx_word' id='word_1_5' title='bbox 227 403 376 468; x_wconf 85' lang='lat' dir='ltr'><strong>videantur</strong></span> <span class='ocrx_word' id='word_1_6' title='bbox 404 412 453 468; x_wconf 80' lang='lat' dir='ltr'><strong>aut</strong></span> <span class='ocrx_word' id='word_1_7' title='bbox 479 405 555 470; x_wconf 88' lang='lat' dir='ltr'><strong>forts</strong></span> <span class='ocrx_word' id='word_1_8' title='bbox 584 405 697 486; x_wconf 81' lang='lat' dir='ltr'><strong>possint</strong></span> <span class='ocrx_word' id='word_1_9' title='bbox 723 410 842 467; x_wconf 87' lang='lat' dir='ltr'><strong>nostrae</strong></span> <span class='ocrx_word' id='word_1_10' title='bbox 864 418 997 466; x_wconf 82' lang='lat' dir='ltr'><strong>summae</strong></span> <span class='ocrx_word' id='word_1_11' title='bbox 1019 399 1169 464; x_wconf 70' lang='lat' dir='ltr'><strong>codicibus</strong></span> <span class='ocrx_word' id='word_1_12' title='bbox 1191 419 1209 464; x_wconf 88' lang='lat' dir='ltr'><strong>a</strong></span> <span class='ocrx_word' id='word_1_13' title='bbox 1230 419 1278 464; x_wconf 90' lang='lat' dir='ltr'><strong>me</strong></span> 
     </span>
     <span class='ocr_line' id='line_1_3' title="bbox 83 507 912 578; baseline 0.001 -2"><span class='ocrx_word' id='word_1_14' title='bbox 83 513 172 578; x_wconf 71' lang='lat' dir='ltr'><strong>colato</strong></span> <span class='ocrx_word' id='word_1_15' title='bbox 189 514 340 577; x_wconf 85' lang='lat' dir='ltr'><strong>accedere.</strong></span> <span class='ocrx_word' id='word_1_16' title='bbox 899 507 912 534; x_wconf 80' lang='grc'><strong>’</strong></span> 
     </span>
    </p>

    <p class='ocr_par' dir='ltr' id='par_1_3' title="bbox 70 618 1287 2682">
     <span class='ocr_line' id='line_1_4' title="bbox 144 618 1280 704; baseline -0.002 -20"><span class='ocrx_word' id='word_1_17' title='bbox 144 623 260 696; x_wconf 78' lang='lat' dir='ltr'><strong>Quorum</strong></span> <span class='ocrx_word' id='word_1_18' title='bbox 275 623 313 687; x_wconf 89' lang='lat' dir='ltr'><strong>ad</strong></span> <span class='ocrx_word' id='word_1_19' title='bbox 327 625 539 688; x_wconf 68' lang='lat' dir='ltr'>accuratiorem</span> <span class='ocrx_word' id='word_1_20' title='bbox 554 625 612 687; x_wconf 90' lang='lat' dir='ltr'><strong>iam</strong></span> <span class='ocrx_word' id='word_1_21' title='bbox 627 625 801 687; x_wconf 86' lang='lat' dir='ltr'><strong>transiturus</strong></span> <span class='ocrx_word' id='word_1_22' title='bbox 816 623 1057 704; x_wconf 69' lang='lat' dir='ltr'><strong>descriptionem,</strong></span> <span class='ocrx_word' id='word_1_23' title='bbox 1078 637 1175 702; x_wconf 90' lang='lat' dir='ltr'><strong>neque</strong></span> <span class='ocrx_word' id='word_1_24' title='bbox 1191 618 1280 682; x_wconf 88' lang='lat' dir='ltr'><strong>multa</strong></span> 
     </span>
     <span class='ocr_line' id='line_1_5' title="bbox 79 729 1279 816; baseline -0.001 -24"><span class='ocrx_word' id='word_1_25' title='bbox 79 732 150 795; x_wconf 88' lang='lat' dir='ltr'><strong>rerba</strong></span> <span class='ocrx_word' id='word_1_26' title='bbox 167 731 264 796; x_wconf 88' lang='lat' dir='ltr'><strong>faciam</strong></span> <span class='ocrx_word' id='word_1_27' title='bbox 287 734 325 796; x_wconf 90' lang='lat' dir='ltr'><strong>de</strong></span> <span class='ocrx_word' id='word_1_28' title='bbox 347 736 511 816; x_wconf 90' lang='lat' dir='ltr'><strong>scripturae</strong></span> <span class='ocrx_word' id='word_1_29' title='bbox 532 736 562 796; x_wconf 93' lang='lat' dir='ltr'><strong>in</strong></span> <span class='ocrx_word' id='word_1_30' title='bbox 583 735 707 816; x_wconf 83' lang='lat' dir='ltr'><strong>singuiis</strong></span> <span class='ocrx_word' id='word_1_31' title='bbox 722 733 874 796; x_wconf 77' lang='lat' dir='ltr'><strong>codicibus</strong></span> <span class='ocrx_word' id='word_1_32' title='bbox 890 731 985 794; x_wconf 89' lang='lat' dir='ltr'><strong>forma</strong></span> <span class='ocrx_word' id='word_1_33' title='bbox 1000 739 1087 812; x_wconf 88' lang='lat' dir='ltr'><strong>atque</strong></span> <span class='ocrx_word' id='word_1_34' title='bbox 1102 729 1279 807; x_wconf 89' lang='lat' dir='ltr'><strong>conditione,</strong></span> 
     </span>
     <span class='ocr_line' id='line_1_6' title="bbox 74 840 1281 924; baseline -0.004 -19"><span class='ocrx_word' id='word_1_35' title='bbox 74 850 114 906; x_wconf 87' lang='lat' dir='ltr'><strong>aut</strong></span> <span class='ocrx_word' id='word_1_36' title='bbox 131 844 304 906; x_wconf 89' lang='lat' dir='ltr'><strong>coniecturas</strong></span> <span class='ocrx_word' id='word_1_37' title='bbox 326 843 364 906; x_wconf 89' lang='lat' dir='ltr'><strong>de</strong></span> <span class='ocrx_word' id='word_1_38' title='bbox 384 845 514 924; x_wconf 86' lang='lat' dir='ltr'><strong>ipsomm</strong></span> <span class='ocrx_word' id='word_1_39' title='bbox 536 850 642 924; x_wconf 89' lang='lat' dir='ltr'><strong>aetate,</strong></span> <span class='ocrx_word' id='word_1_40' title='bbox 666 843 734 906; x_wconf 92' lang='lat' dir='ltr'><strong>inde</strong></span> <span class='ocrx_word' id='word_1_41' title='bbox 749 843 931 924; x_wconf 91' lang='lat' dir='ltr'><strong>potissimum</strong></span> <span class='ocrx_word' id='word_1_42' title='bbox 947 840 1162 920; x_wconf 79' lang='lat' dir='ltr'><strong>diiudicandas3</strong></span> <span class='ocrx_word' id='word_1_43' title='bbox 1182 855 1281 920; x_wconf 89' lang='lat' dir='ltr'><strong>neque</strong></span> 
     </span>
     <span class='ocr_line' id='line_1_7' title="bbox 74 948 1281 1035; baseline -0.005 -19"><span class='ocrx_word' id='word_1_44' title='bbox 74 953 207 1033; x_wconf 82' lang='lat' dir='ltr'><strong>quidquam</strong></span> <span class='ocrx_word' id='word_1_45' title='bbox 229 953 365 1035; x_wconf 90' lang='lat' dir='ltr'><strong>proferre</strong></span> <span class='ocrx_word' id='word_1_46' title='bbox 386 953 457 1016; x_wconf 92' lang='lat' dir='ltr'><strong>libet</strong></span> <span class='ocrx_word' id='word_1_47' title='bbox 479 953 516 1017; x_wconf 91' lang='lat' dir='ltr'><strong>de</strong></span> <span class='ocrx_word' id='word_1_48' title='bbox 537 953 636 1018; x_wconf 91' lang='lat' dir='ltr'><strong>verbis</strong></span> <span class='ocrx_word' id='word_1_49' title='bbox 658 950 712 1035; x_wconf 85' lang='lat' dir='ltr'><strong>per</strong></span> <span class='ocrx_word' id='word_1_50' title='bbox 739 952 913 1033; x_wconf 87' lang='lat' dir='ltr'><strong>compendia</strong></span> <span class='ocrx_word' id='word_1_51' title='bbox 935 952 1064 1032; x_wconf 89' lang='lat' dir='ltr'><strong>scriptis,</strong></span> <span class='ocrx_word' id='word_1_52' title='bbox 1094 949 1143 1012; x_wconf 86' lang='lat' dir='ltr'><strong>vel</strong></span> <span class='ocrx_word' id='word_1_53' title='bbox 1164 948 1201 1011; x_wconf 90' lang='lat' dir='ltr'><strong>de</strong></span> <span class='ocrx_word' id='word_1_54' title='bbox 1221 949 1281 1011; x_wconf 93' lang='lat' dir='ltr'><strong>sin-</strong></span> 
     </span>
     <span class='ocr_line' id='line_1_8' title="bbox 73 1058 1281 1144; baseline -0.003 -20"><span class='ocrx_word' id='word_1_55' title='bbox 73 1063 136 1143; x_wconf 82' lang='lat' dir='ltr'><strong>gulis</strong></span> <span class='ocrx_word' id='word_1_56' title='bbox 155 1063 251 1126; x_wconf 89' lang='lat' dir='ltr'><strong>litteris</strong></span> <span class='ocrx_word' id='word_1_57' title='bbox 273 1081 327 1144; x_wconf 92' lang='lat' dir='ltr'><strong>pro</strong></span> <span class='ocrx_word' id='word_1_58' title='bbox 350 1081 434 1126; x_wconf 91' lang='lat' dir='ltr'><strong>more</strong></span> <span class='ocrx_word' id='word_1_59' title='bbox 461 1063 576 1128; x_wconf 92' lang='lat' dir='ltr'><strong>illorum</strong></span> <span class='ocrx_word' id='word_1_60' title='bbox 605 1071 771 1144; x_wconf 91' lang='lat' dir='ltr'><strong>temporum</strong></span> <span class='ocrx_word' id='word_1_61' title='bbox 800 1062 921 1142; x_wconf 88' lang='lat' dir='ltr'><strong>additis,</strong></span> <span class='ocrx_word' id='word_1_62' title='bbox 951 1061 1122 1143; x_wconf 79' lang='lat' dir='ltr'><strong>gerninatis,</strong></span> <span class='ocrx_word' id='word_1_63' title='bbox 1152 1058 1281 1135; x_wconf 90' lang='lat' dir='ltr'><strong>omissis,</strong></span> 
     </span>
     <span class='ocr_line' id='line_1_9' title="bbox 72 1168 1282 1254; baseline -0.005 -20"><span class='ocrx_word' id='word_1_64' title='bbox 72 1172 197 1252; x_wconf 81' lang='lat' dir='ltr'><strong>praefixis,</strong></span> <span class='ocrx_word' id='word_1_65' title='bbox 217 1173 347 1251; x_wconf 80' lang='lat' dir='ltr'><strong>intrusis,</strong></span> <span class='ocrx_word' id='word_1_66' title='bbox 371 1171 542 1251; x_wconf 91' lang='lat' dir='ltr'><strong>substitutis,</strong></span> <span class='ocrx_word' id='word_1_67' title='bbox 566 1179 596 1234; x_wconf 90' lang='lat' dir='ltr'><strong>et</strong></span> <span class='ocrx_word' id='word_1_68' title='bbox 617 1189 693 1254; x_wconf 86' lang='lat' dir='ltr'><strong>quae</strong></span> <span class='ocrx_word' id='word_1_69' title='bbox 717 1173 775 1235; x_wconf 92' lang='lat' dir='ltr'><strong>sint</strong></span> <span class='ocrx_word' id='word_1_70' title='bbox 796 1170 862 1252; x_wconf 92' lang='lat' dir='ltr'><strong>alia,</strong></span> <span class='ocrx_word' id='word_1_71' title='bbox 887 1173 916 1236; x_wconf 93' lang='lat' dir='ltr'><strong>in</strong></span> <span class='ocrx_word' id='word_1_72' title='bbox 939 1171 1043 1253; x_wconf 91' lang='lat' dir='ltr'><strong>quibus</strong></span> <span class='ocrx_word' id='word_1_73' title='bbox 1060 1169 1194 1233; x_wconf 90' lang='lat' dir='ltr'><strong>codicum</strong></span> <span class='ocrx_word' id='word_1_74' title='bbox 1209 1168 1282 1230; x_wconf 88' lang='lat' dir='ltr'><strong>scri-</strong></span> 
     </span>
     <span class='ocr_line' id='line_1_10' title="bbox 70 1275 1282 1364; baseline -0.005 -20"><span class='ocrx_word' id='word_1_75' title='bbox 70 1282 144 1344; x_wconf 89' lang='lat' dir='ltr'><strong>bendi</strong></span> <span class='ocrx_word' id='word_1_76' title='bbox 162 1282 261 1344; x_wconf 89' lang='lat' dir='ltr'><strong>modus</strong></span> <span class='ocrx_word' id='word_1_77' title='bbox 283 1283 321 1346; x_wconf 85' lang='lat' dir='ltr'><strong>ab</strong></span> <span class='ocrx_word' id='word_1_78' title='bbox 342 1281 487 1345; x_wconf 89' lang='lat' dir='ltr'><strong>hodierno</strong></span> <span class='ocrx_word' id='word_1_79' title='bbox 508 1282 629 1346; x_wconf 80' lang='lat' dir='ltr'><strong>recedat</strong></span> <span class='ocrx_word' id='word_1_80' title='bbox 649 1283 834 1364; x_wconf 89' lang='lat' dir='ltr'><strong>saepissime.</strong></span> <span class='ocrx_word' id='word_1_81' title='bbox 871 1281 985 1344; x_wconf 83' lang='lat' dir='ltr'><strong>Etenim</strong></span> <span class='ocrx_word' id='word_1_82' title='bbox 1007 1280 1071 1344; x_wconf 91' lang='lat' dir='ltr'><strong>fere</strong></span> <span class='ocrx_word' id='word_1_83' title='bbox 1093 1278 1165 1342; x_wconf 94' lang='lat' dir='ltr'><strong>nihil</strong></span> <span class='ocrx_word' id='word_1_84' title='bbox 1183 1275 1282 1340; x_wconf 85' lang='lat' dir='ltr'><strong>inveni</strong></span> 
     </span>
     <span class='ocr_line' id='line_1_11' title="bbox 70 1387 1282 1474; baseline -0.004 -21"><span class='ocrx_word' id='word_1_85' title='bbox 70 1393 182 1454; x_wconf 88' lang='lat' dir='ltr'><strong>inlibris</strong></span> <span class='ocrx_word' id='word_1_86' title='bbox 202 1412 219 1455; x_wconf 88' lang='lat' dir='ltr'><strong>a</strong></span> <span class='ocrx_word' id='word_1_87' title='bbox 240 1410 290 1454; x_wconf 93' lang='lat' dir='ltr'><strong>me</strong></span> <span class='ocrx_word' id='word_1_88' title='bbox 320 1391 473 1471; x_wconf 73' lang='lat' dir='ltr'><strong>adhibitis,</strong></span> <span class='ocrx_word' id='word_1_89' title='bbox 502 1392 582 1474; x_wconf 88' lang='lat' dir='ltr'><strong>quod</strong></span> <span class='ocrx_word' id='word_1_90' title='bbox 608 1400 657 1455; x_wconf 88' lang='lat' dir='ltr'><strong>aut</strong></span> <span class='ocrx_word' id='word_1_91' title='bbox 684 1392 817 1456; x_wconf 88' lang='lat' dir='ltr'><strong>eiusdem</strong></span> <span class='ocrx_word' id='word_1_92' title='bbox 846 1389 1124 1456; x_wconf 71' lang='lat' dir='ltr'><strong>reabsconditus</strong></span> <span class='ocrx_word' id='word_1_93' title='bbox 1154 1387 1282 1450; x_wconf 90' lang='lat' dir='ltr'><strong>alienum</strong></span> 
     </span>
     <span class='ocr_line' id='line_1_12' title="bbox 70 1497 1280 1584; baseline -0.004 -21"><span class='ocrx_word' id='word_1_94' title='bbox 70 1501 100 1563; x_wconf 90' lang='lat' dir='ltr'><strong>sit</strong></span> <span class='ocrx_word' id='word_1_95' title='bbox 117 1509 159 1564; x_wconf 89' lang='lat' dir='ltr'><strong>aut</strong></span> <span class='ocrx_word' id='word_1_96' title='bbox 185 1503 365 1580; x_wconf 75' lang='lat' dir='ltr'><strong>inusitatius,</strong></span> <span class='ocrx_word' id='word_1_97' title='bbox 394 1509 423 1564; x_wconf 89' lang='lat' dir='ltr'><strong>et</strong></span> <span class='ocrx_word' id='word_1_98' title='bbox 449 1503 542 1565; x_wconf 89' lang='lat' dir='ltr'><strong>sicubi</strong></span> <span class='ocrx_word' id='word_1_99' title='bbox 572 1502 620 1566; x_wconf 90' lang='lat' dir='ltr'><strong>vel</strong></span> <span class='ocrx_word' id='word_1_100' title='bbox 646 1501 793 1566; x_wconf 89' lang='lat' dir='ltr'><strong>difficilior</strong></span> <span class='ocrx_word' id='word_1_101' title='bbox 814 1510 878 1566; x_wconf 87' lang='lat' dir='ltr'><strong>crat</strong></span> <span class='ocrx_word' id='word_1_102' title='bbox 899 1500 1141 1584; x_wconf 89' lang='lat' dir='ltr'><strong>compendiorum</strong></span> <span class='ocrx_word' id='word_1_103' title='bbox 1163 1497 1280 1572; x_wconf 91' lang='lat' dir='ltr'><strong>solutio,</strong></span> 
     </span>
     <span class='ocr_line' id='line_1_13' title="bbox 71 1607 1281 1694; baseline -0.001 -24"><span class='ocrx_word' id='word_1_104' title='bbox 71 1611 109 1672; x_wconf 86' lang='lat' dir='ltr'><strong>val</strong></span> <span class='ocrx_word' id='word_1_105' title='bbox 126 1611 222 1674; x_wconf 90' lang='lat' dir='ltr'><strong>dubius</strong></span> <span class='ocrx_word' id='word_1_106' title='bbox 247 1613 413 1676; x_wconf 90' lang='lat' dir='ltr'><strong>litterarum</strong></span> <span class='ocrx_word' id='word_1_107' title='bbox 434 1613 614 1694; x_wconf 79' lang='lat' dir='ltr'><strong>signatarum</strong></span> <span class='ocrx_word' id='word_1_108' title='bbox 635 1629 758 1689; x_wconf 90' lang='lat' dir='ltr'><strong>sensus,</strong></span> <span class='ocrx_word' id='word_1_109' title='bbox 788 1612 837 1675; x_wconf 84' lang='lat' dir='ltr'><strong>vel</strong></span> <span class='ocrx_word' id='word_1_110' title='bbox 866 1619 966 1676; x_wconf 89' lang='lat' dir='ltr'><strong>notatu</strong></span> <span class='ocrx_word' id='word_1_111' title='bbox 987 1611 1076 1693; x_wconf 82' lang='lat' dir='ltr'><strong>digna</strong></span> <span class='ocrx_word' id='word_1_112' title='bbox 1097 1607 1281 1690; x_wconf 80' lang='lat' dir='ltr'><strong>singulorum</strong></span> 
     </span>
     <span class='ocr_line' id='line_1_14' title="bbox 71 1719 1283 1806; baseline -0.002 -24"><span class='ocrx_word' id='word_1_113' title='bbox 71 1721 208 1784; x_wconf 86' lang='lat' dir='ltr'><strong>verhomm</strong></span> <span class='ocrx_word' id='word_1_114' title='bbox 229 1725 391 1806; x_wconf 86' lang='lat' dir='ltr'><strong>scriptura,</strong></span> <span class='ocrx_word' id='word_1_115' title='bbox 419 1725 475 1786; x_wconf 90' lang='lat' dir='ltr'><strong>ista</strong></span> <span class='ocrx_word' id='word_1_116' title='bbox 497 1724 613 1800; x_wconf 91' lang='lat' dir='ltr'><strong>omnia,</strong></span> <span class='ocrx_word' id='word_1_117' title='bbox 643 1729 787 1804; x_wconf 85' lang='lat' dir='ltr'><strong>quatenus</strong></span> <span class='ocrx_word' id='word_1_118' title='bbox 816 1739 990 1784; x_wconf 92' lang='lat' dir='ltr'><strong>communes</strong></span> <span class='ocrx_word' id='word_1_119' title='bbox 1011 1727 1147 1802; x_wconf 74' lang='lat' dir='ltr'><strong>typorum</strong></span> <span class='ocrx_word' id='word_1_120' title='bbox 1169 1719 1283 1782; x_wconf 89' lang='lat' dir='ltr'><strong>formae</strong></span> 
     </span>
     <span class='ocr_line' id='line_1_15' title="bbox 71 1828 1283 1914; baseline -0.002 -23"><span class='ocrx_word' id='word_1_121' title='bbox 71 1848 117 1893; x_wconf 93' lang='lat' dir='ltr'><strong>non</strong></span> <span class='ocrx_word' id='word_1_122' title='bbox 135 1833 299 1914; x_wconf 87' lang='lat' dir='ltr'><strong>obstarent,</strong></span> <span class='ocrx_word' id='word_1_123' title='bbox 321 1835 352 1896; x_wconf 95' lang='lat' dir='ltr'><strong>in</strong></span> <span class='ocrx_word' id='word_1_124' title='bbox 373 1833 481 1896; x_wconf 90' lang='lat' dir='ltr'><strong>notulis</strong></span> <span class='ocrx_word' id='word_1_125' title='bbox 503 1832 672 1913; x_wconf 80' lang='lat' dir='ltr'><strong>diligentius</strong></span> <span class='ocrx_word' id='word_1_126' title='bbox 700 1850 868 1914; x_wconf 88' lang='lat' dir='ltr'><strong>proponere</strong></span> <span class='ocrx_word' id='word_1_127' title='bbox 892 1830 970 1894; x_wconf 90' lang='lat' dir='ltr'><strong>haud</strong></span> <span class='ocrx_word' id='word_1_128' title='bbox 990 1830 1120 1913; x_wconf 81' lang='lat' dir='ltr'><strong>neglexi.</strong></span> <span class='ocrx_word' id='word_1_129' title='bbox 1165 1829 1197 1893; x_wconf 92' lang='lat' dir='ltr'><strong>ln</strong></span> <span class='ocrx_word' id='word_1_130' title='bbox 1219 1828 1283 1890; x_wconf 89' lang='lat' dir='ltr'><strong>uni-</strong></span> 
     </span>
     <span class='ocr_line' id='line_1_16' title="bbox 73 1939 1285 2026; baseline 0 -26"><span class='ocrx_word' id='word_1_131' title='bbox 73 1959 168 2004; x_wconf 86' lang='lat' dir='ltr'><strong>versnm</strong></span> <span class='ocrx_word' id='word_1_132' title='bbox 189 1945 298 2026; x_wconf 90' lang='lat' dir='ltr'><strong>itaque,</strong></span> <span class='ocrx_word' id='word_1_133' title='bbox 322 1942 479 2006; x_wconf 90' lang='lat' dir='ltr'><strong>dummodo</strong></span> <span class='ocrx_word' id='word_1_134' title='bbox 494 1943 654 2005; x_wconf 92' lang='lat' dir='ltr'><strong>lectionum</strong></span> <span class='ocrx_word' id='word_1_135' title='bbox 668 1943 836 2024; x_wconf 91' lang='lat' dir='ltr'><strong>varietates,</strong></span> <span class='ocrx_word' id='word_1_136' title='bbox 856 1943 971 2023; x_wconf 91' lang='lat' dir='ltr'><strong>quoties</strong></span> <span class='ocrx_word' id='word_1_137' title='bbox 987 1941 1106 2003; x_wconf 90' lang='lat' dir='ltr'><strong>criticae</strong></span> <span class='ocrx_word' id='word_1_138' title='bbox 1127 1939 1198 2002; x_wconf 90' lang='lat' dir='ltr'><strong>artis</strong></span> <span class='ocrx_word' id='word_1_139' title='bbox 1219 1955 1285 2001; x_wconf 91' lang='lat' dir='ltr'><strong>sua·</strong></span> 
     </span>
     <span class='ocr_line' id='line_1_17' title="bbox 73 2048 1285 2136; baseline -0.002 -24"><span class='ocrx_word' id='word_1_140' title='bbox 73 2050 156 2114; x_wconf 88' lang='lat' dir='ltr'><strong>lerant</strong></span> <span class='ocrx_word' id='word_1_141' title='bbox 175 2054 318 2136; x_wconf 80' lang='lat' dir='ltr'><strong>regulae,</strong></span> <span class='ocrx_word' id='word_1_142' title='bbox 348 2053 385 2116; x_wconf 92' lang='lat' dir='ltr'><strong>ad</strong></span> <span class='ocrx_word' id='word_1_143' title='bbox 407 2053 530 2116; x_wconf 90' lang='lat' dir='ltr'><strong>litteram</strong></span> <span class='ocrx_word' id='word_1_144' title='bbox 555 2054 822 2132; x_wconf 90' lang='lat' dir='ltr'><strong>communicarem,</strong></span> <span class='ocrx_word' id='word_1_145' title='bbox 850 2051 1040 2133; x_wconf 90' lang='lat' dir='ltr'><strong>approbatum</strong></span> <span class='ocrx_word' id='word_1_146' title='bbox 1061 2050 1097 2112; x_wconf 90' lang='lat' dir='ltr'><strong>iri</strong></span> <span class='ocrx_word' id='word_1_147' title='bbox 1117 2048 1197 2111; x_wconf 89' lang='lat' dir='ltr'><strong>licuit</strong></span> <span class='ocrx_word' id='word_1_148' title='bbox 1216 2065 1285 2128; x_wconf 92' lang='lat' dir='ltr'><strong>spe·</strong></span> 
     </span>
     <span class='ocr_line' id='line_1_18' title="bbox 73 2157 1285 2244; baseline -0.002 -24"><span class='ocrx_word' id='word_1_149' title='bbox 73 2177 130 2238; x_wconf 90' lang='lat' dir='ltr'><strong>rare,</strong></span> <span class='ocrx_word' id='word_1_150' title='bbox 150 2163 173 2224; x_wconf 91' lang='lat' dir='ltr'><strong>si</strong></span> <span class='ocrx_word' id='word_1_151' title='bbox 194 2181 329 2226; x_wconf 89' lang='lat' dir='ltr'><strong>summae</strong></span> <span class='ocrx_word' id='word_1_152' title='bbox 351 2169 529 2241; x_wconf 86' lang='lat' dir='ltr'><strong>contextum,</strong></span> <span class='ocrx_word' id='word_1_153' title='bbox 551 2161 630 2244; x_wconf 92' lang='lat' dir='ltr'><strong>quod</strong></span> <span class='ocrx_word' id='word_1_154' title='bbox 653 2169 683 2224; x_wconf 90' lang='lat' dir='ltr'><strong>et</strong></span> <span class='ocrx_word' id='word_1_155' title='bbox 704 2161 741 2224; x_wconf 92' lang='lat' dir='ltr'><strong>ab</strong></span> <span class='ocrx_word' id='word_1_156' title='bbox 762 2161 827 2224; x_wconf 91' lang='lat' dir='ltr'><strong>aliis</strong></span> <span class='ocrx_word' id='word_1_157' title='bbox 848 2161 956 2224; x_wconf 85' lang='lat' dir='ltr'><strong>factum</strong></span> <span class='ocrx_word' id='word_1_158' title='bbox 979 2178 1049 2224; x_wconf 88' lang='lat' dir='ltr'><strong>esse</strong></span> <span class='ocrx_word' id='word_1_159' title='bbox 1064 2158 1152 2222; x_wconf 89' lang='lat' dir='ltr'><strong>video</strong></span> <span class='ocrx_word' id='word_1_160' title='bbox 1167 2157 1285 2220; x_wconf 92' lang='lat' dir='ltr'><strong>editori·</strong></span> 
     </span>
     <span class='ocr_line' id='line_1_19' title="bbox 74 2266 1285 2353; baseline -0.002 -24"><span class='ocrx_word' id='word_1_161' title='bbox 74 2266 122 2348; x_wconf 88' lang='lat' dir='ltr'><strong>bus,</strong></span> <span class='ocrx_word' id='word_1_162' title='bbox 142 2271 201 2336; x_wconf 87' lang='lat' dir='ltr'><strong>fere</strong></span> <span class='ocrx_word' id='word_1_163' title='bbox 221 2293 277 2353; x_wconf 94' lang='lat' dir='ltr'><strong>per</strong></span> <span class='ocrx_word' id='word_1_164' title='bbox 299 2273 399 2337; x_wconf 89' lang='lat' dir='ltr'><strong>omnia</strong></span> <span class='ocrx_word' id='word_1_165' title='bbox 420 2272 457 2334; x_wconf 89' lang='lat' dir='ltr'><strong>ad</strong></span> <span class='ocrx_word' id='word_1_166' title='bbox 479 2290 556 2349; x_wconf 92' lang='lat' dir='ltr'><strong>eum,</strong></span> <span class='ocrx_word' id='word_1_167' title='bbox 581 2289 640 2353; x_wconf 89' lang='lat' dir='ltr'><strong>quc</strong></span> <span class='ocrx_word' id='word_1_168' title='bbox 662 2289 717 2335; x_wconf 93' lang='lat' dir='ltr'><strong>nos</strong></span> <span class='ocrx_word' id='word_1_169' title='bbox 733 2273 774 2334; x_wconf 93' lang='lat' dir='ltr'><strong>uti</strong></span> <span class='ocrx_word' id='word_1_170' title='bbox 789 2271 929 2352; x_wconf 91' lang='lat' dir='ltr'><strong>solemus,</strong></span> <span class='ocrx_word' id='word_1_171' title='bbox 952 2270 1123 2352; x_wconf 85' lang='lat' dir='ltr'><strong>redegerim</strong></span> <span class='ocrx_word' id='word_1_172' title='bbox 1137 2266 1285 2332; x_wconf 91' lang='lat' dir='ltr'><strong>scribendi</strong></span> 
     </span>
     <span class='ocr_line' id='line_1_20' title="bbox 72 2375 1284 2465; baseline -0.001 -26"><span class='ocrx_word' id='word_1_173' title='bbox 72 2381 174 2460; x_wconf 86' lang='lat' dir='ltr'><strong>nodum,</strong></span> <span class='ocrx_word' id='word_1_174' title='bbox 196 2402 255 2465; x_wconf 91' lang='lat' dir='ltr'><strong>qua</strong></span> <span class='ocrx_word' id='word_1_175' title='bbox 277 2385 310 2447; x_wconf 92' lang='lat' dir='ltr'><strong>in</strong></span> <span class='ocrx_word' id='word_1_176' title='bbox 331 2403 385 2464; x_wconf 92' lang='lat' dir='ltr'><strong>re,</strong></span> <span class='ocrx_word' id='word_1_177' title='bbox 406 2384 431 2446; x_wconf 92' lang='lat' dir='ltr'><strong>si</strong></span> <span class='ocrx_word' id='word_1_178' title='bbox 452 2382 521 2464; x_wconf 92' lang='lat' dir='ltr'><strong>quid</strong></span> <span class='ocrx_word' id='word_1_179' title='bbox 544 2381 621 2444; x_wconf 91' lang='lat' dir='ltr'><strong>forte</strong></span> <span class='ocrx_word' id='word_1_180' title='bbox 643 2380 854 2443; x_wconf 90' lang='lat' dir='ltr'><strong>committendo</strong></span> <span class='ocrx_word' id='word_1_181' title='bbox 875 2380 924 2443; x_wconf 84' lang='lat' dir='ltr'><strong>vel</strong></span> <span class='ocrx_word' id='word_1_182' title='bbox 946 2378 1106 2442; x_wconf 90' lang='lat' dir='ltr'><strong>omittendo</strong></span> <span class='ocrx_word' id='word_1_183' title='bbox 1128 2375 1284 2440; x_wconf 87' lang='lat' dir='ltr'><strong>fefellerim</strong></span> 
     </span>
     <span class='ocr_line' id='line_1_21' title="bbox 71 2488 1285 2574; baseline 0 -25"><span class='ocrx_word' id='word_1_184' title='bbox 71 2489 181 2554; x_wconf 81' lang='lat' dir='ltr'><strong>minusve</strong></span> <span class='ocrx_word' id='word_1_185' title='bbox 201 2493 274 2556; x_wconf 92' lang='lat' dir='ltr'><strong>mibi</strong></span> <span class='ocrx_word' id='word_1_186' title='bbox 295 2494 362 2574; x_wconf 90' lang='lat' dir='ltr'><strong>ipse</strong></span> <span class='ocrx_word' id='word_1_187' title='bbox 385 2499 524 2556; x_wconf 87' lang='lat' dir='ltr'><strong>constans</strong></span> <span class='ocrx_word' id='word_1_188' title='bbox 546 2492 713 2570; x_wconf 85' lang='lat' dir='ltr'><strong>eraserim,</strong></span> <span class='ocrx_word' id='word_1_189' title='bbox 739 2490 879 2553; x_wconf 92' lang='lat' dir='ltr'><strong>benevoli</strong></span> <span class='ocrx_word' id='word_1_190' title='bbox 900 2491 1029 2552; x_wconf 88' lang='lat' dir='ltr'><strong>lectores</strong></span> <span class='ocrx_word' id='word_1_191' title='bbox 1050 2488 1138 2552; x_wconf 91' lang='lat' dir='ltr'><strong>facile</strong></span> <span class='ocrx_word' id='word_1_192' title='bbox 1160 2503 1285 2550; x_wconf 87' lang='lat' dir='ltr'><strong>excusa-</strong></span> 
     </span>
     <span class='ocr_line' id='line_1_22' title="bbox 71 2595 1287 2682; baseline -0.002 -22"><span class='ocrx_word' id='word_1_193' title='bbox 71 2595 132 2660; x_wconf 88' lang='lat' dir='ltr'><strong>tunt.</strong></span> <span class='ocrx_word' id='word_1_194' title='bbox 171 2602 255 2674; x_wconf 84' lang='lat' dir='ltr'><strong>Quod</strong></span> <span class='ocrx_word' id='word_1_195' title='bbox 286 2621 360 2667; x_wconf 80' lang='lat' dir='ltr'><strong>uero</strong></span> <span class='ocrx_word' id='word_1_196' title='bbox 388 2603 425 2666; x_wconf 90' lang='lat' dir='ltr'><strong>ad</strong></span> <span class='ocrx_word' id='word_1_197' title='bbox 454 2603 627 2682; x_wconf 89' lang='lat' dir='ltr'><strong>scripturam</strong></span> <span class='ocrx_word' id='word_1_198' title='bbox 656 2600 783 2682; x_wconf 88' lang='lat' dir='ltr'><strong>pertinet</strong></span> <span class='ocrx_word' id='word_1_199' title='bbox 811 2600 936 2682; x_wconf 90' lang='lat' dir='ltr'><strong>eiusque</strong></span> <span class='ocrx_word' id='word_1_200' title='bbox 964 2598 1111 2678; x_wconf 86' lang='lat' dir='ltr'><strong>indolem,</strong></span> <span class='ocrx_word' id='word_1_201' title='bbox 1141 2615 1208 2660; x_wconf 89' lang='lat' dir='ltr'><strong>curn</strong></span> <span class='ocrx_word' id='word_1_202' title='bbox 1238 2613 1287 2658; x_wconf 90' lang='lat' dir='ltr'><strong>me</strong></span> 
     </span>
    </p>
   </div>
   <div class='ocr_carea' id='block_1_3' title="bbox 75 2761 331 2780">
    <p class='ocr_par' dir='ltr' id='par_1_4' title="bbox 75 2761 331 2780">
     <span class='ocr_line' id='line_1_23' title="bbox 75 2761 331 2780; baseline -0.004 1"><span class='ocrx_word' id='word_1_203' title='bbox 75 2761 331 2780; x_wconf 28' lang='lat'><strong>3-—</strong></span> 
     </span>
    </p>
   </div>
   <div class='ocr_carea' id='block_1_4' title="bbox 138 2847 1291 4655">
    <p class='ocr_par' dir='ltr' id='par_1_5' title="bbox 138 2847 1291 4655">
     <span class='ocr_line' id='line_1_24' title="bbox 139 2847 1287 2917; baseline 0 -20"><span class='ocrx_word' id='word_1_204' title='bbox 139 2847 231 2902; x_wconf 91' lang='lat' dir='ltr'><strong>talibus</strong></span> <span class='ocrx_word' id='word_1_205' title='bbox 246 2849 310 2904; x_wconf 87' lang='lat' dir='ltr'><strong>Sec.</strong></span> <span class='ocrx_word' id='word_1_206' title='bbox 322 2849 414 2904; x_wconf 70' lang='lat' dir='ltr'><strong>xtra</strong></span> <span class='ocrx_word' id='word_1_207' title='bbox 429 2851 457 2905; x_wconf 79' lang='lat' dir='ltr'><strong>t⁰</strong></span> <span class='ocrx_word' id='word_1_208' title='bbox 469 2853 605 2914; x_wconf 85' lang='lat' dir='ltr'><strong>(llscnelius</strong></span> <span class='ocrx_word' id='word_1_209' title='bbox 618 2851 635 2902; x_wconf 93' lang='lat' dir='ltr'><strong>l.</strong></span> <span class='ocrx_word' id='word_1_210' title='bbox 650 2867 672 2902; x_wconf 91' lang='lat' dir='ltr'><strong>c.</strong></span> <span class='ocrx_word' id='word_1_211' title='bbox 685 2867 710 2917; x_wconf 93' lang='lat' dir='ltr'><strong>p.</strong></span> <span class='ocrx_word' id='word_1_212' title='bbox 721 2847 767 2913; x_wconf 83' lang='grc'><strong>31)</strong></span> <span class='ocrx_word' id='word_1_213' title='bbox 787 2855 814 2902; x_wconf 87' lang='grc'><strong>61</strong></span> <span class='ocrx_word' id='word_1_214' title='bbox 829 2847 954 2901; x_wconf 70' lang='lat' dir='ltr'><strong>„Summa</strong></span> <span class='ocrx_word' id='word_1_215' title='bbox 971 2849 1004 2902; x_wconf 89' lang='lat' dir='ltr'><strong>dc</strong></span> <span class='ocrx_word' id='word_1_216' title='bbox 1017 2847 1102 2901; x_wconf 88' lang='lat' dir='ltr'><strong>titulis</strong></span> <span class='ocrx_word' id='word_1_217' title='bbox 1116 2847 1287 2900; x_wconf 87' lang='lat' dir='ltr'><strong>decretalium</strong></span> 
     </span>
     <span class='ocr_line' id='line_1_25' title="bbox 140 2932 1285 3006; baseline -0.001 -21"><span class='ocrx_word' id='word_1_218' title='bbox 140 2934 195 2987; x_wconf 83' lang='lat' dir='ltr'><strong>Sec.</strong></span> <span class='ocrx_word' id='word_1_219' title='bbox 207 2936 304 2989; x_wconf 68' lang='lat' dir='ltr'><strong>xtVa</strong></span> <span class='ocrx_word' id='word_1_220' title='bbox 325 2937 353 2993; x_wconf 78' lang='grc' dir='ltr'><strong>4ο</strong></span> <span class='ocrx_word' id='word_1_221' title='bbox 371 2939 448 3000; x_wconf 83' lang='lat' dir='ltr'><strong>(ibid.</strong></span> <span class='ocrx_word' id='word_1_222' title='bbox 462 2936 558 3006; x_wconf 83' lang='lat' dir='ltr'><strong>p.to);</strong></span> <span class='ocrx_word' id='word_1_223' title='bbox 579 2936 608 3000; x_wconf 82' lang='lat'><strong>2)</strong></span> <span class='ocrx_word' id='word_1_224' title='bbox 627 2937 848 3003; x_wconf 81' lang='lat' dir='ltr'><strong>Andagavensis:</strong></span> <span class='ocrx_word' id='word_1_225' title='bbox 875 2935 1003 2988; x_wconf 77' lang='lat' dir='ltr'><strong>..Summa</strong></span> <span class='ocrx_word' id='word_1_226' title='bbox 1027 2935 1200 2988; x_wconf 87' lang='lat' dir='ltr'><strong>decretalium</strong></span> <span class='ocrx_word' id='word_1_227' title='bbox 1226 2932 1285 2984; x_wconf 87' lang='lat' dir='ltr'><strong>Sec.</strong></span> 
     </span>
     <span class='ocr_line' id='line_1_26' title="bbox 139 3019 1286 3094; baseline -0.005 -16"><span class='ocrx_word' id='word_1_228' title='bbox 139 3019 224 3074; x_wconf 79' lang='lat' dir='ltr'><strong>XIV.“</strong></span> <span class='ocrx_word' id='word_1_229' title='bbox 245 3025 296 3078; x_wconf 92' lang='lat' dir='ltr'><strong>fol.</strong></span> <span class='ocrx_word' id='word_1_230' title='bbox 321 3025 400 3088; x_wconf 84' lang='lat' dir='ltr'><strong>(ibid.</strong></span> <span class='ocrx_word' id='word_1_231' title='bbox 420 3043 447 3094; x_wconf 87' lang='lat' dir='ltr'><strong>p.</strong></span> <span class='ocrx_word' id='word_1_232' title='bbox 464 3023 524 3088; x_wconf 76' lang='lat'><strong>28);</strong></span> <span class='ocrx_word' id='word_1_233' title='bbox 549 3024 578 3089; x_wconf 87' lang='lat'><strong>3)</strong></span> <span class='ocrx_word' id='word_1_234' title='bbox 596 3024 749 3076; x_wconf 85' lang='lat' dir='ltr'><strong>Albiensis:</strong></span> <span class='ocrx_word' id='word_1_235' title='bbox 777 3021 904 3076; x_wconf 74' lang='lat' dir='ltr'><strong>»Samma</strong></span> <span class='ocrx_word' id='word_1_236' title='bbox 922 3023 1118 3076; x_wconf 79' lang='lat' dir='ltr'><strong>decretalium«</strong></span> <span class='ocrx_word' id='word_1_237' title='bbox 1141 3020 1184 3076; x_wconf 85' lang='lat'><strong>12⁰</strong></span> <span class='ocrx_word' id='word_1_238' title='bbox 1207 3019 1286 3084; x_wconf 87' lang='lat' dir='ltr'><strong>(ibid.</strong></span> 
     </span>
     <span class='ocr_line' id='line_1_27' title="bbox 138 3106 1288 3176; baseline -0.003 -13"><span class='ocrx_word' id='word_1_239' title='bbox 138 3109 224 3176; x_wconf 83' lang='lat' dir='ltr'><strong>p.16);</strong></span> <span class='ocrx_word' id='word_1_240' title='bbox 246 3113 280 3173; x_wconf 89' lang='grc'><strong>4)</strong></span> <span class='ocrx_word' id='word_1_241' title='bbox 295 3109 500 3164; x_wconf 76' lang='grc' dir='ltr'>ΟοΙῐη6ι16ηείεε</span> <span class='ocrx_word' id='word_1_242' title='bbox 523 3111 651 3163; x_wconf 71' lang='lat' dir='ltr'><strong>„Summa</strong></span> <span class='ocrx_word' id='word_1_243' title='bbox 663 3110 836 3162; x_wconf 86' lang='lat' dir='ltr'><strong>decretalium</strong></span> <span class='ocrx_word' id='word_1_244' title='bbox 851 3108 909 3163; x_wconf 88' lang='lat' dir='ltr'><strong>Sec.</strong></span> <span class='ocrx_word' id='word_1_245' title='bbox 920 3108 1010 3160; x_wconf 74' lang='lat' dir='ltr'><strong>XIV.u</strong></span> <span class='ocrx_word' id='word_1_246' title='bbox 1025 3109 1070 3160; x_wconf 92' lang='lat' dir='ltr'><strong>fol.</strong></span> <span class='ocrx_word' id='word_1_247' title='bbox 1082 3107 1163 3174; x_wconf 85' lang='lat' dir='ltr'><strong>(ibid.</strong></span> <span class='ocrx_word' id='word_1_248' title='bbox 1177 3124 1202 3174; x_wconf 93' lang='lat' dir='ltr'><strong>p.</strong></span> <span class='ocrx_word' id='word_1_249' title='bbox 1213 3106 1288 3172; x_wconf 83' lang='grc'>141);</span> 
     </span>
     <span class='ocr_line' id='line_1_28' title="bbox 139 3193 1287 3262; baseline -0.003 -14"><span class='ocrx_word' id='word_1_250' title='bbox 139 3194 165 3253; x_wconf 86' lang='grc'><strong>5)</strong></span> <span class='ocrx_word' id='word_1_251' title='bbox 179 3196 363 3250; x_wconf 76' lang='lat' dir='ltr'><strong>basileensis:</strong></span> <span class='ocrx_word' id='word_1_252' title='bbox 385 3197 582 3251; x_wconf 82' lang='lat' dir='ltr'><strong>..Decretalium</strong></span> <span class='ocrx_word' id='word_1_253' title='bbox 602 3211 730 3250; x_wconf 65' lang='lat' dir='ltr'><strong>summat</strong></span> <span class='ocrx_word' id='word_1_254' title='bbox 752 3195 781 3251; x_wconf 81' lang='lat'><strong>8⁰</strong></span> <span class='ocrx_word' id='word_1_255' title='bbox 800 3197 878 3260; x_wconf 86' lang='lat' dir='ltr'><strong>(ibid.</strong></span> <span class='ocrx_word' id='word_1_256' title='bbox 890 3194 1003 3262; x_wconf 79' lang='lat' dir='ltr'><strong>p.5tt);</strong></span> <span class='ocrx_word' id='word_1_257' title='bbox 1023 3193 1051 3254; x_wconf 87' lang='grc'><strong>6)</strong></span> <span class='ocrx_word' id='word_1_258' title='bbox 1071 3193 1287 3246; x_wconf 88' lang='lat' dir='ltr'><strong>Linoolniensis:</strong></span> 
     </span>
     <span class='ocr_line' id='line_1_29' title="bbox 142 3279 1287 3349; baseline 0.001 -18"><span class='ocrx_word' id='word_1_259' title='bbox 142 3279 267 3337; x_wconf 75' lang='lat' dir='ltr'><strong>..Summa</strong></span> <span class='ocrx_word' id='word_1_260' title='bbox 298 3285 496 3337; x_wconf 67' lang='lat' dir='ltr'><strong>decretalium«</strong></span> <span class='ocrx_word' id='word_1_261' title='bbox 522 3285 551 3338; x_wconf 80' lang='lat'><strong>4⁰</strong></span> <span class='ocrx_word' id='word_1_262' title='bbox 580 3283 659 3346; x_wconf 87' lang='lat' dir='ltr'><strong>(ibid.</strong></span> <span class='ocrx_word' id='word_1_263' title='bbox 673 3300 698 3349; x_wconf 92' lang='lat' dir='ltr'><strong>p.</strong></span> <span class='ocrx_word' id='word_1_264' title='bbox 712 3282 791 3348; x_wconf 88' lang='grc'>806);</span> <span class='ocrx_word' id='word_1_265' title='bbox 821 3283 850 3345; x_wconf 85' lang='grc'>’1)</span> <span class='ocrx_word' id='word_1_266' title='bbox 875 3281 1057 3334; x_wconf 88' lang='lat' dir='ltr'><strong>Matritensis:</strong></span> <span class='ocrx_word' id='word_1_267' title='bbox 1090 3280 1287 3334; x_wconf 76' lang='lat' dir='ltr'><strong>„Decretaliutn</strong></span> 
     </span>
     <span class='ocr_line' id='line_1_30' title="bbox 139 3367 1288 3439; baseline 0.001 -20"><span class='ocrx_word' id='word_1_268' title='bbox 139 3385 254 3424; x_wconf 68' lang='grc' dir='ltr'><strong>6666616α</strong></span> <span class='ocrx_word' id='word_1_269' title='bbox 281 3372 358 3434; x_wconf 88' lang='lat' dir='ltr'><strong>(ibid.</strong></span> <span class='ocrx_word' id='word_1_270' title='bbox 374 3391 399 3439; x_wconf 87' lang='lat' dir='ltr'><strong>p.</strong></span> <span class='ocrx_word' id='word_1_271' title='bbox 409 3371 482 3436; x_wconf 89' lang='grc'>969).</span> <span class='ocrx_word' id='word_1_272' title='bbox 519 3370 574 3434; x_wconf 81' lang='lat' dir='ltr'><strong>Qut</strong></span> <span class='ocrx_word' id='word_1_273' title='bbox 587 3373 655 3424; x_wconf 88' lang='lat' dir='ltr'><strong>inter</strong></span> <span class='ocrx_word' id='word_1_274' title='bbox 668 3369 849 3424; x_wconf 83' lang='lat' dir='ltr'><strong>Carnutenses</strong></span> <span class='ocrx_word' id='word_1_275' title='bbox 863 3369 941 3432; x_wconf 89' lang='lat' dir='ltr'><strong>(ibid.</strong></span> <span class='ocrx_word' id='word_1_276' title='bbox 954 3385 979 3436; x_wconf 92' lang='lat' dir='ltr'><strong>p.</strong></span> <span class='ocrx_word' id='word_1_277' title='bbox 993 3367 1053 3431; x_wconf 81' lang='lat'>126)</span> <span class='ocrx_word' id='word_1_278' title='bbox 1073 3369 1185 3420; x_wconf 83' lang='lat' dir='ltr'><strong>refertur</strong></span> <span class='ocrx_word' id='word_1_279' title='bbox 1204 3367 1288 3422; x_wconf 89' lang='lat' dir='ltr'><strong>liber:</strong></span> 
     </span>
     <span class='ocr_line' id='line_1_31' title="bbox 142 3455 1288 3524; baseline 0.001 -17"><span class='ocrx_word' id='word_1_280' title='bbox 142 3455 310 3511; x_wconf 69' lang='lat' dir='ltr'><strong>„Bernartius</strong></span> <span class='ocrx_word' id='word_1_281' title='bbox 330 3461 356 3512; x_wconf 92' lang='lat' dir='ltr'><strong>in</strong></span> <span class='ocrx_word' id='word_1_282' title='bbox 376 3460 552 3524; x_wconf 78' lang='lat' dir='ltr'><strong>decretales,“</strong></span> <span class='ocrx_word' id='word_1_283' title='bbox 573 3473 635 3510; x_wconf 90' lang='lat' dir='ltr'><strong>eum</strong></span> <span class='ocrx_word' id='word_1_284' title='bbox 654 3473 707 3510; x_wconf 91' lang='lat' dir='ltr'><strong>non</strong></span> <span class='ocrx_word' id='word_1_285' title='bbox 726 3463 780 3510; x_wconf 84' lang='lat' dir='ltr'><strong>tam</strong></span> <span class='ocrx_word' id='word_1_286' title='bbox 794 3455 923 3510; x_wconf 91' lang='lat' dir='ltr'><strong>Bernardi</strong></span> <span class='ocrx_word' id='word_1_287' title='bbox 940 3471 1087 3523; x_wconf 89' lang='lat' dir='ltr'><strong>summam,</strong></span> <span class='ocrx_word' id='word_1_288' title='bbox 1108 3470 1187 3520; x_wconf 89' lang='lat' dir='ltr'><strong>quam</strong></span> <span class='ocrx_word' id='word_1_289' title='bbox 1210 3470 1288 3522; x_wconf 87' lang='lat' dir='ltr'><strong>appa·</strong></span> 
     </span>
     <span class='ocr_line' id='line_1_32' title="bbox 139 3541 1290 3614; baseline 0 -22"><span class='ocrx_word' id='word_1_290' title='bbox 139 3551 220 3597; x_wconf 89' lang='lat' dir='ltr'><strong>ratum</strong></span> <span class='ocrx_word' id='word_1_291' title='bbox 246 3549 401 3612; x_wconf 90' lang='lat' dir='ltr'><strong>continere,</strong></span> <span class='ocrx_word' id='word_1_292' title='bbox 427 3564 474 3614; x_wconf 89' lang='lat' dir='ltr'><strong>pro</strong></span> <span class='ocrx_word' id='word_1_293' title='bbox 499 3545 680 3598; x_wconf 87' lang='lat' dir='ltr'><strong>verisimiliori</strong></span> <span class='ocrx_word' id='word_1_294' title='bbox 706 3544 852 3596; x_wconf 88' lang='lat' dir='ltr'><strong>habuerim.</strong></span> <span class='ocrx_word' id='word_1_295' title='bbox 890 3541 975 3594; x_wconf 81' lang='lat' dir='ltr'><strong>Cuius</strong></span> <span class='ocrx_word' id='word_1_296' title='bbox 992 3559 1056 3594; x_wconf 89' lang='lat' dir='ltr'><strong>vero</strong></span> <span class='ocrx_word' id='word_1_297' title='bbox 1076 3549 1102 3594; x_wconf 88' lang='lat' dir='ltr'><strong>ct</strong></span> <span class='ocrx_word' id='word_1_298' title='bbox 1120 3543 1236 3594; x_wconf 87' lang='lat' dir='ltr'><strong>auctoris</strong></span> <span class='ocrx_word' id='word_1_299' title='bbox 1255 3541 1290 3594; x_wconf 90' lang='lat' dir='ltr'><strong>sit</strong></span> 
     </span>
     <span class='ocr_line' id='line_1_33' title="bbox 141 3627 1289 3700; baseline 0 -20"><span class='ocrx_word' id='word_1_300' title='bbox 141 3635 165 3680; x_wconf 88' lang='lat' dir='ltr'><strong>et</strong></span> <span class='ocrx_word' id='word_1_301' title='bbox 191 3635 322 3700; x_wconf 91' lang='lat' dir='ltr'><strong>temporis</strong></span> <span class='ocrx_word' id='word_1_302' title='bbox 352 3635 460 3684; x_wconf 80' lang='lat' dir='ltr'><strong>..demedi</strong></span> <span class='ocrx_word' id='word_1_303' title='bbox 489 3648 595 3684; x_wconf 88' lang='lat' dir='ltr'><strong>summa</strong></span> <span class='ocrx_word' id='word_1_304' title='bbox 621 3633 648 3682; x_wconf 93' lang='lat' dir='ltr'><strong>in</strong></span> <span class='ocrx_word' id='word_1_305' title='bbox 678 3630 857 3696; x_wconf 75' lang='lat' dir='ltr'><strong>decretales,«</strong></span> <span class='ocrx_word' id='word_1_306' title='bbox 887 3633 955 3682; x_wconf 88' lang='lat' dir='ltr'><strong>inter</strong></span> <span class='ocrx_word' id='word_1_307' title='bbox 982 3629 1065 3681; x_wconf 88' lang='lat' dir='ltr'><strong>libros</strong></span> <span class='ocrx_word' id='word_1_308' title='bbox 1093 3627 1289 3680; x_wconf 88' lang='lat' dir='ltr'><strong>Laedunenscs</strong></span> 
     </span>
     <span class='ocr_line' id='line_1_34' title="bbox 140 3715 1291 3786; baseline -0.009 -9"><span class='ocrx_word' id='word_1_309' title='bbox 140 3717 213 3776; x_wconf 81' lang='lat' dir='ltr'><strong>(ibid.</strong></span> <span class='ocrx_word' id='word_1_310' title='bbox 227 3737 253 3786; x_wconf 92' lang='lat' dir='ltr'><strong>p.</strong></span> <span class='ocrx_word' id='word_1_311' title='bbox 267 3717 331 3786; x_wconf 86' lang='grc'>176)</span> <span class='ocrx_word' id='word_1_312' title='bbox 350 3719 444 3786; x_wconf 81' lang='lat' dir='ltr'><strong>obuia,</strong></span> <span class='ocrx_word' id='word_1_313' title='bbox 463 3725 553 3772; x_wconf 87' lang='lat' dir='ltr'><strong>utrum</strong></span> <span class='ocrx_word' id='word_1_314' title='bbox 574 3720 673 3770; x_wconf 81' lang='lat' dir='ltr'><strong>oamcot</strong></span> <span class='ocrx_word' id='word_1_315' title='bbox 691 3718 749 3770; x_wconf 87' lang='lat' dir='ltr'><strong>scil.</strong></span> <span class='ocrx_word' id='word_1_316' title='bbox 769 3717 801 3768; x_wconf 89' lang='lat' dir='ltr'><strong>de</strong></span> <span class='ocrx_word' id='word_1_317' title='bbox 819 3716 924 3782; x_wconf 77' lang='lat' dir='ltr'><strong>Trana,</strong></span> <span class='ocrx_word' id='word_1_318' title='bbox 943 3731 976 3768; x_wconf 89' lang='lat' dir='ltr'><strong>an</strong></span> <span class='ocrx_word' id='word_1_319' title='bbox 991 3717 1085 3767; x_wconf 78' lang='lat' dir='ltr'><strong>dartrdt</strong></span> <span class='ocrx_word' id='word_1_320' title='bbox 1099 3715 1291 3781; x_wconf 88' lang='lat' dir='ltr'><strong>Bononiensis,</strong></span> 
     </span>
     <span class='ocr_line' id='line_1_35' title="bbox 140 3803 1290 3872; baseline -0.001 -17"><span class='ocrx_word' id='word_1_321' title='bbox 140 3817 154 3854; x_wconf 84' lang='grc'><strong>6</strong></span> <span class='ocrx_word' id='word_1_322' title='bbox 171 3804 257 3860; x_wconf 87' lang='lat' dir='ltr'><strong>Sartio</strong></span> <span class='ocrx_word' id='word_1_323' title='bbox 279 3807 310 3870; x_wconf 91' lang='lat' dir='ltr'><strong>(l.</strong></span> <span class='ocrx_word' id='word_1_324' title='bbox 325 3823 347 3860; x_wconf 89' lang='lat' dir='ltr'><strong>o.</strong></span> <span class='ocrx_word' id='word_1_325' title='bbox 361 3808 411 3860; x_wconf 86' lang='lat' dir='ltr'><strong>sub</strong></span> <span class='ocrx_word' id='word_1_326' title='bbox 424 3805 491 3860; x_wconf 81' lang='lat' dir='ltr'><strong>Nnc.</strong></span> <span class='ocrx_word' id='word_1_327' title='bbox 503 3803 563 3858; x_wconf 86' lang='lat' dir='ltr'><strong>XL.</strong></span> <span class='ocrx_word' id='word_1_328' title='bbox 577 3823 603 3872; x_wconf 92' lang='lat' dir='ltr'><strong>p.</strong></span> <span class='ocrx_word' id='word_1_329' title='bbox 614 3803 678 3869; x_wconf 85' lang='grc'>359)</span> <span class='ocrx_word' id='word_1_330' title='bbox 699 3807 768 3856; x_wconf 90' lang='lat' dir='ltr'><strong>inter</strong></span> <span class='ocrx_word' id='word_1_331' title='bbox 791 3805 912 3856; x_wconf 89' lang='lat' dir='ltr'><strong>canonici</strong></span> <span class='ocrx_word' id='word_1_332' title='bbox 937 3804 1002 3856; x_wconf 90' lang='lat' dir='ltr'><strong>iuris</strong></span> <span class='ocrx_word' id='word_1_333' title='bbox 1027 3803 1194 3870; x_wconf 74' lang='lat' dir='ltr'><strong>professores</strong></span> <span class='ocrx_word' id='word_1_334' title='bbox 1219 3817 1290 3856; x_wconf 86' lang='lat' dir='ltr'><strong>cotn-</strong></span> 
     </span>
     <span class='ocr_line' id='line_1_36' title="bbox 141 3888 1290 3960; baseline 0.002 -20"><span class='ocrx_word' id='word_1_335' title='bbox 141 3895 292 3959; x_wconf 86' lang='lat' dir='ltr'><strong>mcmorati,</strong></span> <span class='ocrx_word' id='word_1_336' title='bbox 311 3895 339 3946; x_wconf 91' lang='lat' dir='ltr'><strong>in</strong></span> <span class='ocrx_word' id='word_1_337' title='bbox 359 3895 485 3960; x_wconf 86' lang='lat' dir='ltr'><strong>ambiguo</strong></span> <span class='ocrx_word' id='word_1_338' title='bbox 505 3893 571 3944; x_wconf 90' lang='lat' dir='ltr'><strong>mihi</strong></span> <span class='ocrx_word' id='word_1_339' title='bbox 589 3899 629 3945; x_wconf 88' lang='lat' dir='ltr'><strong>est</strong></span> <span class='ocrx_word' id='word_1_340' title='bbox 649 3891 863 3958; x_wconf 86' lang='lat' dir='ltr'><strong>relinquendum.</strong></span> <span class='ocrx_word' id='word_1_341' title='bbox 899 3889 1030 3957; x_wconf 86' lang='lat' dir='ltr'><strong>Idemque</strong></span> <span class='ocrx_word' id='word_1_342' title='bbox 1048 3889 1127 3957; x_wconf 82' lang='lat' dir='ltr'><strong>valet,</strong></span> <span class='ocrx_word' id='word_1_343' title='bbox 1150 3888 1213 3942; x_wconf 90' lang='lat' dir='ltr'><strong>licet</strong></span> <span class='ocrx_word' id='word_1_344' title='bbox 1230 3889 1290 3954; x_wconf 90' lang='lat' dir='ltr'><strong>ipse</strong></span> 
     </span>
     <span class='ocr_line' id='line_1_37' title="bbox 141 3974 1288 4046; baseline 0.001 -20"><span class='ocrx_word' id='word_1_345' title='bbox 141 3975 235 4030; x_wconf 88' lang='lat' dir='ltr'><strong>librum</strong></span> <span class='ocrx_word' id='word_1_346' title='bbox 255 3979 386 4046; x_wconf 90' lang='lat' dir='ltr'><strong>viderim,</strong></span> <span class='ocrx_word' id='word_1_347' title='bbox 413 3980 446 4032; x_wconf 91' lang='lat' dir='ltr'><strong>de</strong></span> <span class='ocrx_word' id='word_1_348' title='bbox 465 3996 497 4034; x_wconf 89' lang='lat' dir='ltr'><strong>ea</strong></span> <span class='ocrx_word' id='word_1_349' title='bbox 516 3979 710 4032; x_wconf 70' lang='lat' dir='ltr'><strong>..Decretalium</strong></span> <span class='ocrx_word' id='word_1_350' title='bbox 731 3979 803 4041; x_wconf 88' lang='lat' dir='ltr'><strong>(scil.</strong></span> <span class='ocrx_word' id='word_1_351' title='bbox 823 3976 946 4044; x_wconf 83' lang='lat' dir='ltr'><strong>Gregorii</strong></span> <span class='ocrx_word' id='word_1_352' title='bbox 964 3974 1027 4041; x_wconf 87' lang='grc' dir='ltr'>ΙΧ.)</span> <span class='ocrx_word' id='word_1_353' title='bbox 1047 3989 1180 4042; x_wconf 81' lang='lat' dir='ltr'><strong>summa,¹¹</strong></span> <span class='ocrx_word' id='word_1_354' title='bbox 1208 3991 1288 4042; x_wconf 90' lang='lat' dir='ltr'><strong>quam</strong></span> 
     </span>
     <span class='ocr_line' id='line_1_38' title="bbox 140 4061 1290 4119; baseline 0.003 -6"><span class='ocrx_word' id='word_1_355' title='bbox 140 4062 318 4118; x_wconf 88' lang='lat' dir='ltr'><strong>bibliothecae</strong></span> <span class='ocrx_word' id='word_1_356' title='bbox 341 4066 369 4117; x_wconf 87' lang='lat' dir='ltr'><strong>S.</strong></span> <span class='ocrx_word' id='word_1_357' title='bbox 388 4065 586 4119; x_wconf 85' lang='lat' dir='ltr'><strong>Bartholomaei</strong></span> <span class='ocrx_word' id='word_1_358' title='bbox 611 4065 843 4119; x_wconf 82' lang='lat' dir='ltr'><strong>Francofurtcusis</strong></span> <span class='ocrx_word' id='word_1_359' title='bbox 863 4063 924 4115; x_wconf 85' lang='lat' dir='ltr'><strong>Vol.</strong></span> <span class='ocrx_word' id='word_1_360' title='bbox 946 4061 995 4118; x_wconf 83' lang='lat'><strong>132</strong></span> <span class='ocrx_word' id='word_1_361' title='bbox 1019 4063 1144 4116; x_wconf 88' lang='lat' dir='ltr'><strong>continet.</strong></span> <span class='ocrx_word' id='word_1_362' title='bbox 1175 4065 1290 4116; x_wconf 76' lang='lat' dir='ltr'><strong>tancredo</strong></span> 
     </span>
     <span class='ocr_line' id='line_1_39' title="bbox 140 4149 1291 4220; baseline 0.001 -20"><span class='ocrx_word' id='word_1_363' title='bbox 140 4150 223 4215; x_wconf 89' lang='lat' dir='ltr'><strong>ipsam</strong></span> <span class='ocrx_word' id='word_1_364' title='bbox 240 4153 310 4205; x_wconf 88' lang='lat' dir='ltr'><strong>falso</strong></span> <span class='ocrx_word' id='word_1_365' title='bbox 330 4153 446 4205; x_wconf 91' lang='lat' dir='ltr'><strong>adscribi</strong></span> <span class='ocrx_word' id='word_1_366' title='bbox 464 4155 493 4205; x_wconf 92' lang='lat' dir='ltr'><strong>in</strong></span> <span class='ocrx_word' id='word_1_367' title='bbox 512 4153 642 4220; x_wconf 82' lang='lat' dir='ltr'><strong>catalogo,</strong></span> <span class='ocrx_word' id='word_1_368' title='bbox 660 4154 712 4204; x_wconf 90' lang='lat' dir='ltr'><strong>iam</strong></span> <span class='ocrx_word' id='word_1_369' title='bbox 726 4153 830 4204; x_wconf 88' lang='lat' dir='ltr'><strong>monuit</strong></span> <span class='ocrx_word' id='word_1_370' title='bbox 841 4153 1026 4203; x_wconf 83' lang='lat' dir='ltr'><strong>Wundcrllchlus</strong></span> <span class='ocrx_word' id='word_1_371' title='bbox 1044 4151 1071 4202; x_wconf 91' lang='lat' dir='ltr'><strong>in</strong></span> <span class='ocrx_word' id='word_1_372' title='bbox 1090 4150 1238 4217; x_wconf 81' lang='lat' dir='ltr'><strong>prolegom.</strong></span> <span class='ocrx_word' id='word_1_373' title='bbox 1258 4149 1291 4202; x_wconf 89' lang='grc'><strong>66</strong></span> 
     </span>
     <span class='ocr_line' id='line_1_40' title="bbox 142 4235 1291 4307; baseline 0.003 -21"><span class='ocrx_word' id='word_1_374' title='bbox 142 4235 280 4292; x_wconf 89' lang='lat' dir='ltr'><strong>Summam</strong></span> <span class='ocrx_word' id='word_1_375' title='bbox 305 4239 339 4294; x_wconf 86' lang='lat' dir='ltr'><strong>da</strong></span> <span class='ocrx_word' id='word_1_376' title='bbox 364 4241 475 4292; x_wconf 86' lang='lat' dir='ltr'><strong>matrim.</strong></span> <span class='ocrx_word' id='word_1_377' title='bbox 497 4257 522 4307; x_wconf 95' lang='lat' dir='ltr'><strong>p.</strong></span> <span class='ocrx_word' id='word_1_378' title='bbox 535 4238 591 4306; x_wconf 77' lang='lat'>1113</span> <span class='ocrx_word' id='word_1_379' title='bbox 618 4240 666 4292; x_wconf 89' lang='lat' dir='ltr'><strong>scd</strong></span> <span class='ocrx_word' id='word_1_380' title='bbox 691 4255 741 4292; x_wconf 87' lang='lat' dir='ltr'><strong>nec</strong></span> <span class='ocrx_word' id='word_1_381' title='bbox 757 4240 867 4294; x_wconf 81' lang='lat' dir='ltr'><strong>bomardi</strong></span> <span class='ocrx_word' id='word_1_382' title='bbox 891 4243 935 4289; x_wconf 90' lang='lat' dir='ltr'><strong>aut</strong></span> <span class='ocrx_word' id='word_1_383' title='bbox 954 4240 1062 4298; x_wconf 76' lang='lat' dir='ltr'><strong>comeo,</strong></span> <span class='ocrx_word' id='word_1_384' title='bbox 1089 4237 1122 4290; x_wconf 90' lang='lat' dir='ltr'><strong>ad</strong></span> <span class='ocrx_word' id='word_1_385' title='bbox 1140 4252 1220 4304; x_wconf 88' lang='lat' dir='ltr'><strong>quem</strong></span> <span class='ocrx_word' id='word_1_386' title='bbox 1239 4238 1291 4290; x_wconf 82' lang='lat' dir='ltr'><strong>tor-</strong></span> 
     </span>
     <span class='ocr_line' id='line_1_41' title="bbox 143 4323 1291 4392; baseline 0.002 -20"><span class='ocrx_word' id='word_1_387' title='bbox 143 4329 225 4389; x_wconf 88' lang='lat' dir='ltr'><strong>tasse,</strong></span> <span class='ocrx_word' id='word_1_388' title='bbox 253 4342 314 4379; x_wconf 90' lang='lat' dir='ltr'><strong>mcc</strong></span> <span class='ocrx_word' id='word_1_389' title='bbox 340 4325 449 4392; x_wconf 89' lang='lat' dir='ltr'><strong>quidem</strong></span> <span class='ocrx_word' id='word_1_390' title='bbox 474 4327 590 4391; x_wconf 86' lang='lat' dir='ltr'><strong>iudicio,</strong></span> <span class='ocrx_word' id='word_1_391' title='bbox 616 4343 648 4379; x_wconf 89' lang='lat' dir='ltr'><strong>ex</strong></span> <span class='ocrx_word' id='word_1_392' title='bbox 673 4327 818 4378; x_wconf 86' lang='lat' dir='ltr'><strong>litterarum</strong></span> <span class='ocrx_word' id='word_1_393' title='bbox 837 4327 921 4380; x_wconf 86' lang='lat' dir='ltr'><strong>forma</strong></span> <span class='ocrx_word' id='word_1_394' title='bbox 939 4331 1032 4392; x_wconf 87' lang='lat' dir='ltr'><strong>posset</strong></span> <span class='ocrx_word' id='word_1_395' title='bbox 1052 4325 1143 4376; x_wconf 89' lang='lat' dir='ltr'><strong>referri</strong></span> <span class='ocrx_word' id='word_1_396' title='bbox 1161 4323 1291 4376; x_wconf 85' lang='lat' dir='ltr'><strong>titulusa</strong></span> 
     </span>
     <span class='ocr_line' id='line_1_42' title="bbox 141 4409 1289 4480; baseline 0.001 -20"><span class='ocrx_word' id='word_1_397' title='bbox 141 4412 230 4464; x_wconf 91' lang='lat' dir='ltr'><strong>seriori</strong></span> <span class='ocrx_word' id='word_1_398' title='bbox 249 4429 332 4464; x_wconf 88' lang='lat' dir='ltr'><strong>manu</strong></span> <span class='ocrx_word' id='word_1_399' title='bbox 351 4412 466 4480; x_wconf 88' lang='lat' dir='ltr'><strong>additus,</strong></span> <span class='ocrx_word' id='word_1_400' title='bbox 485 4413 554 4465; x_wconf 85' lang='lat' dir='ltr'><strong>hanc</strong></span> <span class='ocrx_word' id='word_1_401' title='bbox 573 4429 634 4466; x_wconf 88' lang='lat' dir='ltr'><strong>csse</strong></span> <span class='ocrx_word' id='word_1_402' title='bbox 654 4429 803 4478; x_wconf 87' lang='lat' dir='ltr'><strong>summam,</strong></span> <span class='ocrx_word' id='word_1_403' title='bbox 828 4430 860 4466; x_wconf 84' lang='lat' dir='ltr'><strong>ex</strong></span> <span class='ocrx_word' id='word_1_404' title='bbox 885 4414 944 4464; x_wconf 91' lang='lat' dir='ltr'><strong>eius</strong></span> <span class='ocrx_word' id='word_1_405' title='bbox 968 4411 1030 4464; x_wconf 89' lang='lat' dir='ltr'><strong>libri</strong></span> <span class='ocrx_word' id='word_1_406' title='bbox 1052 4428 1112 4464; x_wconf 93' lang='lat' dir='ltr'><strong>cum</strong></span> <span class='ocrx_word' id='word_1_407' title='bbox 1133 4409 1289 4462; x_wconf 86' lang='lat' dir='ltr'><strong>Goflredino</strong></span> 
     </span>
     <span class='ocr_line' id='line_1_43' title="bbox 140 4484 1289 4566; baseline 0.002 -20"><span class='ocrx_word' id='word_1_408' title='bbox 140 4497 277 4552; x_wconf 87' lang='lat' dir='ltr'><strong>collatione</strong></span> <span class='ocrx_word' id='word_1_409' title='bbox 303 4499 472 4553; x_wconf 88' lang='lat' dir='ltr'><strong>certissimus</strong></span> <span class='ocrx_word' id='word_1_410' title='bbox 498 4484 573 4566; x_wconf 80' lang='lat' dir='ltr'><strong>suin,</strong></span> <span class='ocrx_word' id='word_1_411' title='bbox 598 4515 666 4566; x_wconf 90' lang='lat' dir='ltr'><strong>quae</strong></span> <span class='ocrx_word' id='word_1_412' title='bbox 691 4504 717 4552; x_wconf 87' lang='lat' dir='ltr'><strong>et</strong></span> <span class='ocrx_word' id='word_1_413' title='bbox 741 4500 801 4566; x_wconf 90' lang='lat' dir='ltr'><strong>ipsa</strong></span> <span class='ocrx_word' id='word_1_414' title='bbox 824 4500 930 4551; x_wconf 90' lang='lat' dir='ltr'><strong>tertium</strong></span> <span class='ocrx_word' id='word_1_415' title='bbox 950 4499 1065 4551; x_wconf 89' lang='lat' dir='ltr'><strong>auctoris</strong></span> <span class='ocrx_word' id='word_1_416' title='bbox 1086 4511 1200 4562; x_wconf 88' lang='lat' dir='ltr'><strong>nornen,</strong></span> <span class='ocrx_word' id='word_1_417' title='bbox 1226 4495 1289 4548; x_wconf 88' lang='lat' dir='ltr'><strong>licet</strong></span> 
     </span>
     <span class='ocr_line' id='line_1_44' title="bbox 139 4581 1096 4655; baseline 0.001 -20"><span class='ocrx_word' id='word_1_418' title='bbox 139 4581 208 4637; x_wconf 84' lang='lat' dir='ltr'><strong>baud</strong></span> <span class='ocrx_word' id='word_1_419' title='bbox 225 4587 316 4640; x_wconf 82' lang='lat' dir='ltr'><strong>minus</strong></span> <span class='ocrx_word' id='word_1_420' title='bbox 336 4585 495 4655; x_wconf 86' lang='lat' dir='ltr'><strong>perplexum</strong></span> <span class='ocrx_word' id='word_1_421' title='bbox 514 4593 540 4640; x_wconf 90' lang='lat' dir='ltr'><strong>et</strong></span> <span class='ocrx_word' id='word_1_422' title='bbox 558 4587 719 4652; x_wconf 88' lang='lat' dir='ltr'><strong>obscurum,</strong></span> <span class='ocrx_word' id='word_1_423' title='bbox 740 4585 798 4642; x_wconf 89' lang='lat' dir='ltr'><strong>scil.</strong></span> <span class='ocrx_word' id='word_1_424' title='bbox 818 4585 947 4647; x_wconf 73' lang='grc'>16611661,</span> <span class='ocrx_word' id='word_1_425' title='bbox 965 4585 1096 4652; x_wconf 82' lang='lat' dir='ltr'><strong>patefecit.</strong></span> 
     </span>
    </p>
   </div>
   <div class='ocr_carea' id='block_1_5' title="bbox 0 0 1558 5184">
    <p class='ocr_par' dir='ltr' id='par_1_6' title="bbox 0 0 1558 5184">
     <span class='ocr_line' id='line_1_45' title="bbox 0 0 1558 5184; baseline 0 0"><span class='ocrx_word' id='word_1_426' title='bbox 0 0 1558 5184; x_wconf 95' lang='lat' dir='ltr'><strong> </strong></span> 
     </span>
    </p>
   </div>
  </div>
 </body>
</html>
