3074 5184
435 217 550 274 LIBER
570 217 621 272 III.
665 216 739 272 utu.
763 213 862 280 2³4.

527 705 701 792 ulturus
724 706 779 790 lt.

72 911 106 970 te
125 909 272 970 eleutrts
297 924 360 968 non
387 905 644 968 residentibus
668 905 703 966 tu
729 906 893 966 eoeleste
917 906 1244 982 praetenderis).

120 1109 259 1176 Vidimus
283 1116 331 1187 ²),
372 1109 506 1193 qualiter
538 1105 700 1194 coniugati
735 1106 840 1172 clerici
878 1105 917 1172 ab
953 1107 1173 1173 ecclesiasticis
1209 1108 1264 1174 be·

53 1221 151 1286 reficiis
191 1229 372 1295 arceantur3
415 1239 500 1282 nuno
535 1217 716 1295 videamus,
761 1216 895 1300 qualiter
930 1215 971 1282 ab
1007 1217 1126 1282 eisdem
1161 1240 1264 1282 remo-

52 1330 130 1394 vendi
160 1339 232 1399 sunt
263 1330 466 1416 devagantes.
516 1326 672 1392 Dicamus
699 1326 797 1411 igitur
821 1331 868 1408 ³),
901 1349 964 1410 qua
993 1348 1098 1412 poena
1130 1326 1263 1392 feriendi

52 1439 101 1502 sint
116 1442 143 1521 ⁴)
182 1439 288 1504 elerici
306 1444 337 1520 δ)
381 1439 591 1524 devagantes,
635 1445 666 1500 et
702 1459 743 1502 an
765 1443 796 1517 ⁰)
836 1433 973 1500 debeant
1012 1435 1129 1500 habere
1171 1458 1263 1523 prae-

52 1547 152 1614 bendas
170 1554 211 1632 1).

118 1720 172 1796 §t
200 1713 266 1798 Qui
288 1735 363 1800 ergo
382 1718 413 1797 Β)
435 1714 600 1779 ecclesiam
621 1735 712 1778 suam
734 1711 864 1791 deserit,
887 1713 1002 1777 autad
1025 1711 1119 1778 aliam
1140 1715 1260 1793 transit,

51 1834 193 1903 autnon,
226 1824 282 1890 sed
302 1829 332 1906 ⁹)
366 1823 560 1888 secularibus
591 1823 733 1888 intendit.
787 1823 895 1888 Primo
928 1843 1005 1888 casu
1033 1823 1127 1888 debet
1155 1845 1261 1890 carere

51 1943 178 2019 suaque,
204 1933 314 1998 habita
336 1933 401 1998 scil.
423 1943 455 1997 et
476 1931 596 1998 ambita
615 1936 681 2014 ¹⁰),
713 1941 750 1997 ut
772 1931 809 1998 C.
825 1930 900 1996 Vll.
923 1937 1007 2016 qu.1
1033 1938 1068 1996 st
1088 1941 1153 2013 quis
1175 1943 1260 2014 epiro.

51 2046 82 2124 (c.
96 2047 160 2126 31),
189 2049 224 2108 se·
246 2050 311 2124 quis
331 2049 365 2106 iu
386 2047 491 2106 ordine
512 2045 554 2122 (c.
570 2045 636 2123 32).
679 2041 827 2109 Secundo
849 2062 942 2119 casu,
971 2042 998 2106 si
1020 2041 1119 2107 tribus
1140 2042 1260 2108 hebdo-

50 2153 173 2219 madibus
188 2154 256 2219 sine
270 2152 398 2216 licentia
412 2161 555 2238 vagetur,
571 2152 705 2216 triennio
717 2175 736 2216 a
751 2151 972 2217 communione
986 2153 1187 2238 suspenditur
1199 2161 1208 2195 ¹
1220 2158 1260 2234 ¹),

49 2272 74 2326 ut
92 2262 125 2330 C.
139 2261 211 2327 VH.
234 2285 287 2348 qu.
305 2268 318 2328 1
343 2265 393 2345 ¹¹)
424 2265 459 2326 St
488 2269 554 2342 quis
581 2246 623 2326 tu¹
643 2267 722 2326 clero
746 2266 788 2343 (c.
803 2263 875 2342 29);
904 2259 965 2325 hoc
986 2262 1031 2326 ita
1050 2265 1100 2343 ¹³)
1124 2262 1163 2326 de
1184 2263 1260 2329 iuris

48 2373 131 2458 rigore
150 2377 216 2457 Η);
240 2381 380 2438 ceterum
401 2393 441 2436 ex
463 2371 616 2436 canonica
635 2370 830 2456 benignitate
846 2374 897 2454 ¹⁵)
918 2371 1005 2456 prius
1028 2381 1084 2450 est,
1107 2381 1142 2436 ut
1151 2373 1260 2438 redeat

49 2483 253 2562 admonendus,
277 2482 363 2568 quod
382 2481 409 2546 si
424 2480 567 2560 noluerit,
588 2490 664 2545 tunc
678 2481 816 2558 demum,
838 2489 874 2544 ut
894 2480 1032 2546 diximus
1052 2485 1119 2562 ¹⁶),
1142 2492 1189 2547 est
1208 2489 1258 2563 ¹⁷)

48 2593 219 2675 puniendus,
247 2601 283 2656 ut
312 2591 350 2658 C.
372 2589 447 2655 VH.
473 2595 557 2676 qut
588 2595 623 2654 st
650 2599 715 2673 quis
742 2595 893 2672 presbyter
921 2593 962 2672 (c.
983 2593 1056 2670 24);
1085 2591 1258 2656 secundum

49 2702 240 2768 authenticum
268 2723 344 2767 vero
371 2723 566 2787 perannum
589 2710 790 2786 exspectatur
808 2704 860 2780 ¹⁸)
883 2709 915 2764 et
935 2709 1010 2764 tunc
1032 2701 1061 2764 ei
1082 2701 1161 2765 alius
1183 2700 1257 2765 sub-

48 2819 172 2896 rogatur,
200 2822 237 2876 ut
263 2811 296 2875 in
319 2811 415 2876 Auth.
446 2810 486 2875 de
515 2810 657 2875 sanctiss.
686 2810 781 2896 episc.
804 2817 823 2890 ξ
845 2815 1055 2876 interdicimus
1078 2810 1171 2889 (Nov.
1190 2814 1258 2879 134.

50 2939 68 2981 c.
86 2924 115 3002 9)
145 2931 174 2986 et
204 2922 238 2986 in
270 2921 368 2986 Auth.
411 2929 447 2984 ut
478 2920 584 2985 elerici
623 2921 677 3004 qui
708 2920 860 2985 recedunt
892 2919 974 2986 Coll.
996 2919 1035 2983 V.
1066 2919 1160 3002 (Nov.
1190 2922 1256 3002 58.)

49 3031 94 3105 12.
113 3029 329 3096 Praebendam
350 3039 455 3095 autem
477 3030 516 3096 de
535 3031 603 3096 iure
624 3031 740 3096 habere
754 3053 819 3095 non
833 3030 942 3108 debet,
964 3030 1024 3095 nisi
1043 3051 1100 3116 pro
1121 3039 1190 3094 rata
1206 3035 1256 3113 ¹⁹)

50 3141 176 3225 temporis
197 3163 261 3226 quo
281 3162 429 3226 praesens
450 3138 511 3204 fuit
532 3151 562 3205 et
584 3140 736 3206 ecclesiae
758 3139 929 3205 deservivit
946 3144 1015 3221 ²⁰),
1040 3149 1076 3204 ut
1097 3163 1140 3204 ar.
1162 3163 1258 3226 supra

50 3246 83 3311 tit
110 3273 194 3336 prox.
228 3256 313 3314 Inter
345 3263 440 3314 cetero
473 3259 514 3328 tc.
530 3252 567 3328 u;
590 3287 609 3300 -
640 3249 696 3316 Gr.
719 3275 749 3315 n.
772 3253 819 3336 p.)
852 3259 884 3315 et
913 3250 968 3315 Di.
989 3247 1014 3312 I.
1047 3255 1099 3313 Ius
1125 3257 1257 3316 mititare

51 3360 82 3436 (u.
102 3362 166 3442 10),
201 3375 233 3426 et
255 3358 293 3426 C.
307 3358 383 3424 XII.
414 3381 465 3444 qu.
488 3362 508 3427 2
533 3366 716 3426 Vulterauoe
749 3363 791 3443 (c.
813 3361 885 3444 25),
922 3359 983 3424 nisi
1018 3359 1099 3425 forte
1131 3361 1258 3447 dispen-

51 3468 130 3534 sative
170 3479 300 3557 agatur,
341 3469 438 3535 veluti
462 3476 513 3550 ¹¹)
556 3491 629 3535 cum
672 3470 820 3536 servienti
861 3493 918 3557 per
958 3470 1097 3534 medium
1140 3494 1257 3536 annum
1296 3545 1298 3549 ,

50 3578 124 3645 totius
151 3581 223 3646 anni
250 3580 432 3668 praebenda
451 3580 627 3658 confertur,
657 3590 693 3644 ut
715 3579 799 3645 infra
817 3579 863 3644 tit.
884 3602 974 3667 prox.
999 3585 1139 3645 Relatum
1162 3584 1204 3662 (c.
1219 3583 1256 3658 73

52 3684 94 3750 Gr.
112 3712 139 3752 n.
160 3695 216 3776 p).

53 3901 303 3918 m·-

107 4040 149 4094 Tit.
166 4042 190 4094 4.
213 4070 242 4080 -
293 4044 313 4107 ¹)
339 4041 384 4096 Li.
411 4044 436 4094 iu
460 4043 571 4095 eoehsir'r.
637 4046 661 4108 1)
687 4044 743 4097 Ha.
770 4050 795 4097 et
820 4043 873 4097 Pa.
898 4044 1008 4095 diximus.
1067 4045 1090 4112 ³)
1111 4045 1165 4098 Ha.
1192 4064 1257 4114 erpo.

51 4105 67 4166 ⁴)
87 4107 135 4164 He.
158 4121 183 4166 et
206 4112 254 4166 Li.
278 4122 338 4163 suut.
407 4115 430 4172 ⁵)
455 4111 561 4167 Omittit
578 4112 627 4166 Vi.
699 4113 722 4178 6)
744 4113 931 4180 Motorum,
1002 4115 1107 4182 τ)11Ἰο.
1129 4118 1140 4170 1
1161 4127 1187 4168 et
1208 4118 1255 4170 Vi.

47 4180 194 4238 uueteudom.
264 4183 287 4246 8)
312 4181 358 4233 Lr'.
384 4184 427 4248 qui
448 4193 491 4234 out
512 4183 594 4249 ἱρέων,
665 4183 689 4246 ⁹)
708 4183 764 4236 Ha.
783 4185 812 4236 εἰ.
885 4186 918 4248 ¹⁰)
938 4185 994 4238 Ha.
1016 4193 1042 4238 et
1067 4186 1118 4238 Pa.
1138 4187 1257 4241 habitura.

52 4246 76 4304 ¹¹)
92 4248 140 4301 Ha.
163 4259 187 4304 et
212 4252 265 4304 Pn.
289 4254 453 4318 suspendatur.
526 4253 558 4316 ¹²)
584 4250 660 4316 Quae
686 4261 853 4320 sequuntur,
876 4256 974 4308 desunt
992 4258 1018 4308 in
1039 4255 1145 4322 Mus,
1170 4273 1257 4324 usque

52 4316 76 4393 ud
103 4319 204 4373 alteram
239 4323 318 4374 huius
349 4321 378 4374 C.
406 4330 432 4375 st
457 4339 501 4386 uu.
539 4326 709 4376 mentionem.
782 4324 815 4388 ¹³)
846 4324 950 4378 Ibidem
977 4327 1066 4380 habito.
1139 4325 1172 4390 ¹⁴)
1204 4327 1256 4380 Pa.

51 4401 90 4434 ure
104 4388 191 4454 ripario.
292 4391 323 4453 ¹⁵)
344 4389 388 4443 Li.
401 4411 405 4417 ·
420 4393 568 4443 auctoritate.
632 4390 665 4456 ¹⁸)
686 4392 793 4446 Desunt
806 4397 832 4446 in
849 4393 910 4446 Mo.
925 4395 950 4450 3.
1018 4396 1050 4451 ¹⁷)
1072 4397 1116 4448 Li.
1140 4413 1193 4450 non
1212 4398 1257 4450 hu·

52 4453 220 4586 ξξῖῧιωίῑ)
240 4459 294 4512 Ha.
314 4471 457 4532 ezpectotur.
513 4461 545 4526 ¹⁰)
565 4462 650 4518 Deest
668 4465 695 4524 iu
715 4462 769 4523 Pa·
826 4465 860 4526 ²⁰)
882 4463 974 4524 Mat
993 4467 1101 4517 deseruit.
1155 4467 1189 4530 ²¹)
1205 4466 1257 4524 De-
