<?xml version="1.0" encoding="UTF-8"?>
<!DOCTYPE html PUBLIC "-//W3C//DTD XHTML 1.0 Transitional//EN"
    "http://www.w3.org/TR/xhtml1/DTD/xhtml1-transitional.dtd">
<html xmlns="http://www.w3.org/1999/xhtml" xml:lang="en" lang="en">
 <head>
  <title>
</title>
<meta http-equiv="Content-Type" content="text/html;charset=utf-8" />
  <meta name='ocr-system' content='tesseract 3.04.00' />
  <meta name='ocr-capabilities' content='ocr_page ocr_carea ocr_par ocr_line ocrx_word'/>
</head>
<body>
  <div class='ocr_page' id='page_1' title='image "./summadecretaliu00laspgoog_0036.png"; bbox 0 0 3098 5184; ppageno 0'>
   <div class='ocr_carea' id='block_1_1' title="bbox 566 231 1300 295">
    <p class='ocr_par' dir='ltr' id='par_1_1' title="bbox 566 231 1300 295">
     <span class='ocr_line' id='line_1_1' title="bbox 566 231 1300 295; baseline 0.001 -3"><span class='ocrx_word' id='word_1_1' title='bbox 566 235 805 295; x_wconf 68' lang='lat' dir='ltr'><strong>ammonas.</strong></span> <span class='ocrx_word' id='word_1_2' title='bbox 1199 231 1300 294; x_wconf 88' lang='lat' dir='ltr'>XXXI</span> 
     </span>
    </p>
   </div>
   <div class='ocr_carea' id='block_1_2' title="bbox 60 412 1302 3898">
    <p class='ocr_par' dir='ltr' id='par_1_2' title="bbox 60 412 1302 3898">
     <span class='ocr_line' id='line_1_2' title="bbox 67 412 1299 498; baseline -0.001 -20"><span class='ocrx_word' id='word_1_3' title='bbox 67 416 152 498; x_wconf 83' lang='lat' dir='ltr'><strong>lolia3</strong></span> <span class='ocrx_word' id='word_1_4' title='bbox 182 415 281 478; x_wconf 90' lang='lat' dir='ltr'><strong>lineae</strong></span> <span class='ocrx_word' id='word_1_5' title='bbox 309 413 387 477; x_wconf 87' lang='lat' dir='ltr'><strong>inter</strong></span> <span class='ocrx_word' id='word_1_6' title='bbox 407 413 449 481; x_wconf 80' lang='grc'><strong>66</strong></span> <span class='ocrx_word' id='word_1_7' title='bbox 471 421 502 478; x_wconf 87' lang='lat' dir='ltr'><strong>et</strong></span> <span class='ocrx_word' id='word_1_8' title='bbox 522 413 563 480; x_wconf 81' lang='lat' dir='ltr'><strong>dd</strong></span> <span class='ocrx_word' id='word_1_9' title='bbox 585 414 714 495; x_wconf 77' lang='lat' dir='ltr'><strong>vadant,</strong></span> <span class='ocrx_word' id='word_1_10' title='bbox 743 431 810 477; x_wconf 90' lang='lat' dir='ltr'><strong>oum</strong></span> <span class='ocrx_word' id='word_1_11' title='bbox 838 431 898 476; x_wconf 93' lang='lat' dir='ltr'><strong>non</strong></span> <span class='ocrx_word' id='word_1_12' title='bbox 926 412 1022 476; x_wconf 90' lang='lat' dir='ltr'><strong>solum</strong></span> <span class='ocrx_word' id='word_1_13' title='bbox 1046 412 1147 494; x_wconf 91' lang='lat' dir='ltr'><strong>primis</strong></span> <span class='ocrx_word' id='word_1_14' title='bbox 1169 413 1200 476; x_wconf 90' lang='lat' dir='ltr'><strong>in</strong></span> <span class='ocrx_word' id='word_1_15' title='bbox 1221 412 1299 478; x_wconf 90' lang='lat' dir='ltr'><strong>loliis</strong></span> 
     </span>
     <span class='ocr_line' id='line_1_3' title="bbox 67 523 1300 606; baseline -0.003 -16"><span class='ocrx_word' id='word_1_16' title='bbox 67 543 167 590; x_wconf 89' lang='lat' dir='ltr'><strong>earum</strong></span> <span class='ocrx_word' id='word_1_17' title='bbox 190 526 229 588; x_wconf 89' lang='lat' dir='ltr'><strong>sit</strong></span> <span class='ocrx_word' id='word_1_18' title='bbox 250 525 345 588; x_wconf 90' lang='lat' dir='ltr'><strong>mator</strong></span> <span class='ocrx_word' id='word_1_19' title='bbox 363 541 521 604; x_wconf 89' lang='lat' dir='ltr'><strong>numerus,</strong></span> <span class='ocrx_word' id='word_1_20' title='bbox 548 524 656 588; x_wconf 90' lang='lat' dir='ltr'><strong>sedet</strong></span> <span class='ocrx_word' id='word_1_21' title='bbox 679 543 733 606; x_wconf 89' lang='lat' dir='ltr'><strong>per</strong></span> <span class='ocrx_word' id='word_1_22' title='bbox 759 531 854 587; x_wconf 88' lang='lat' dir='ltr'><strong>totum</strong></span> <span class='ocrx_word' id='word_1_23' title='bbox 881 523 986 586; x_wconf 92' lang='lat' dir='ltr'><strong>librum</strong></span> <span class='ocrx_word' id='word_1_24' title='bbox 1009 539 1096 604; x_wconf 87' lang='lat' dir='ltr'><strong>qoam</strong></span> <span class='ocrx_word' id='word_1_25' title='bbox 1126 523 1300 606; x_wconf 88' lang='lat' dir='ltr'><strong>saepissimo</strong></span> 
     </span>
     <span class='ocr_line' id='line_1_4' title="bbox 66 631 1301 715; baseline 0 -17"><span class='ocrx_word' id='word_1_26' title='bbox 66 637 172 698; x_wconf 88' lang='lat' dir='ltr'><strong>intimis</strong></span> <span class='ocrx_word' id='word_1_27' title='bbox 201 636 233 697; x_wconf 92' lang='lat' dir='ltr'><strong>in</strong></span> <span class='ocrx_word' id='word_1_28' title='bbox 261 635 406 698; x_wconf 88' lang='lat' dir='ltr'><strong>columnis</strong></span> <span class='ocrx_word' id='word_1_29' title='bbox 437 636 547 698; x_wconf 88' lang='lat' dir='ltr'><strong>arctior</strong></span> <span class='ocrx_word' id='word_1_30' title='bbox 573 642 709 698; x_wconf 89' lang='lat' dir='ltr'><strong>occurrat</strong></span> <span class='ocrx_word' id='word_1_31' title='bbox 737 635 889 715; x_wconf 90' lang='lat' dir='ltr'><strong>scriptura.</strong></span> <span class='ocrx_word' id='word_1_32' title='bbox 939 631 1055 696; x_wconf 87' lang='lat' dir='ltr'><strong>Deesse</strong></span> <span class='ocrx_word' id='word_1_33' title='bbox 1089 633 1224 696; x_wconf 87' lang='lat' dir='ltr'><strong>videntur</strong></span> <span class='ocrx_word' id='word_1_34' title='bbox 1250 651 1301 698; x_wconf 83' lang='lat' dir='ltr'><strong>ou-</strong></span> 
     </span>
     <span class='ocr_line' id='line_1_5' title="bbox 64 743 1301 826; baseline -0.002 -17"><span class='ocrx_word' id='word_1_35' title='bbox 64 746 167 810; x_wconf 91' lang='lat' dir='ltr'><strong>stodes</strong></span> <span class='ocrx_word' id='word_1_36' title='bbox 188 753 277 826; x_wconf 89' lang='lat' dir='ltr'><strong>atqua</strong></span> <span class='ocrx_word' id='word_1_37' title='bbox 299 745 524 826; x_wconf 74' lang='lat' dir='ltr'><strong>quaternionum</strong></span> <span class='ocrx_word' id='word_1_38' title='bbox 545 745 677 824; x_wconf 81' lang='lat' dir='ltr'><strong>numeri3</strong></span> <span class='ocrx_word' id='word_1_39' title='bbox 701 743 738 806; x_wconf 94' lang='lat' dir='ltr'><strong>ad</strong></span> <span class='ocrx_word' id='word_1_40' title='bbox 760 743 944 824; x_wconf 89' lang='lat' dir='ltr'><strong>superiorem</strong></span> <span class='ocrx_word' id='word_1_41' title='bbox 967 760 1039 805; x_wconf 84' lang='lat' dir='ltr'><strong>vero</strong></span> <span class='ocrx_word' id='word_1_42' title='bbox 1060 744 1226 824; x_wconf 78' lang='lat' dir='ltr'><strong>marginem</strong></span> <span class='ocrx_word' id='word_1_43' title='bbox 1247 761 1301 824; x_wconf 89' lang='lat' dir='ltr'><strong>per</strong></span> 
     </span>
     <span class='ocr_line' id='line_1_6' title="bbox 62 852 1300 934; baseline -0.003 -16"><span class='ocrx_word' id='word_1_44' title='bbox 62 862 155 918; x_wconf 88' lang='lat' dir='ltr'><strong>totam</strong></span> <span class='ocrx_word' id='word_1_45' title='bbox 178 873 323 918; x_wconf 91' lang='lat' dir='ltr'><strong>summam</strong></span> <span class='ocrx_word' id='word_1_46' title='bbox 344 855 458 918; x_wconf 91' lang='lat' dir='ltr'><strong>adiecta</strong></span> <span class='ocrx_word' id='word_1_47' title='bbox 481 861 526 918; x_wconf 91' lang='lat' dir='ltr'><strong>est</strong></span> <span class='ocrx_word' id='word_1_48' title='bbox 551 853 691 917; x_wconf 91' lang='lat' dir='ltr'><strong>librorum</strong></span> <span class='ocrx_word' id='word_1_49' title='bbox 718 854 900 934; x_wconf 77' lang='lat' dir='ltr'><strong>designatio,</strong></span> <span class='ocrx_word' id='word_1_50' title='bbox 931 853 989 915; x_wconf 89' lang='lat' dir='ltr'><strong>boo</strong></span> <span class='ocrx_word' id='word_1_51' title='bbox 1016 852 1122 932; x_wconf 90' lang='lat' dir='ltr'><strong>modo,</strong></span> <span class='ocrx_word' id='word_1_52' title='bbox 1149 859 1181 914; x_wconf 88' lang='lat' dir='ltr'><strong>ut</strong></span> <span class='ocrx_word' id='word_1_53' title='bbox 1207 853 1300 934; x_wconf 91' lang='lat' dir='ltr'><strong>prima</strong></span> 
     </span>
     <span class='ocr_line' id='line_1_7' title="bbox 63 962 1302 1046; baseline -0.002 -20"><span class='ocrx_word' id='word_1_54' title='bbox 63 965 174 1046; x_wconf 81' lang='lat' dir='ltr'><strong>pagina</strong></span> <span class='ocrx_word' id='word_1_55' title='bbox 199 963 326 1040; x_wconf 84' lang='lat' dir='ltr'>„LIBER</span> <span class='ocrx_word' id='word_1_56' title='bbox 350 963 504 1030; x_wconf 64' lang='lat' dir='ltr'><strong>ruinoso</strong></span> <span class='ocrx_word' id='word_1_57' title='bbox 527 963 618 1026; x_wconf 90' lang='lat' dir='ltr'><strong>rubro</strong></span> <span class='ocrx_word' id='word_1_58' title='bbox 640 971 728 1044; x_wconf 91' lang='lat' dir='ltr'><strong>atque</strong></span> <span class='ocrx_word' id='word_1_59' title='bbox 750 962 889 1026; x_wconf 84' lang='lat' dir='ltr'><strong>caeruleo</strong></span> <span class='ocrx_word' id='word_1_60' title='bbox 911 979 1008 1044; x_wconf 88' lang='lat' dir='ltr'><strong>eoque</strong></span> <span class='ocrx_word' id='word_1_61' title='bbox 1029 963 1203 1026; x_wconf 90' lang='lat' dir='ltr'><strong>nitidissimo</strong></span> <span class='ocrx_word' id='word_1_62' title='bbox 1224 969 1302 1024; x_wconf 89' lang='lat' dir='ltr'><strong>atra·</strong></span> 
     </span>
     <span class='ocr_line' id='line_1_8' title="bbox 61 1069 1300 1155; baseline 0 -21"><span class='ocrx_word' id='word_1_63' title='bbox 61 1081 166 1135; x_wconf 89' lang='lat' dir='ltr'><strong>mento</strong></span> <span class='ocrx_word' id='word_1_64' title='bbox 187 1075 225 1136; x_wconf 90' lang='lat' dir='ltr'><strong>sit</strong></span> <span class='ocrx_word' id='word_1_65' title='bbox 246 1075 486 1155; x_wconf 83' lang='lat' dir='ltr'><strong>superscriptum,</strong></span> <span class='ocrx_word' id='word_1_66' title='bbox 508 1072 750 1154; x_wconf 88' lang='lat' dir='ltr'><strong>insequentibus</strong></span> <span class='ocrx_word' id='word_1_67' title='bbox 772 1087 845 1134; x_wconf 85' lang='lat' dir='ltr'><strong>vero</strong></span> <span class='ocrx_word' id='word_1_68' title='bbox 867 1069 945 1134; x_wconf 86' lang='lat' dir='ltr'><strong>loliis</strong></span> <span class='ocrx_word' id='word_1_69' title='bbox 966 1071 1003 1134; x_wconf 92' lang='lat' dir='ltr'><strong>ad</strong></span> <span class='ocrx_word' id='word_1_70' title='bbox 1024 1072 1141 1134; x_wconf 86' lang='lat' dir='ltr'><strong>laevum</strong></span> <span class='ocrx_word' id='word_1_71' title='bbox 1158 1071 1241 1147; x_wconf 87' lang='lat' dir='ltr'><strong>‚‚L.“‚</strong></span> <span class='ocrx_word' id='word_1_72' title='bbox 1262 1071 1300 1134; x_wconf 92' lang='lat' dir='ltr'><strong>ad</strong></span> 
     </span>
     <span class='ocr_line' id='line_1_9' title="bbox 60 1169 1300 1263; baseline -0.002 -16"><span class='ocrx_word' id='word_1_73' title='bbox 60 1191 179 1247; x_wconf 86' lang='lat' dir='ltr'><strong>rectum</strong></span> <span class='ocrx_word' id='word_1_74' title='bbox 196 1183 234 1260; x_wconf 94' lang='lat' dir='ltr'><strong>„l.</strong></span> <span class='ocrx_word' id='word_1_75' title='bbox 244 1184 278 1246; x_wconf 94' lang='lat' dir='ltr'><strong>ll.</strong></span> <span class='ocrx_word' id='word_1_76' title='bbox 289 1190 365 1246; x_wconf 88' lang='lat' dir='ltr'><strong>eto.“</strong></span> <span class='ocrx_word' id='word_1_77' title='bbox 379 1189 515 1248; x_wconf 85' lang='lat' dir='ltr'><strong>occurrat</strong></span> <span class='ocrx_word' id='word_1_78' title='bbox 529 1181 635 1246; x_wconf 90' lang='lat' dir='ltr'><strong>eadem</strong></span> <span class='ocrx_word' id='word_1_79' title='bbox 650 1181 784 1244; x_wconf 86' lang='lat' dir='ltr'><strong>colorum</strong></span> <span class='ocrx_word' id='word_1_80' title='bbox 798 1169 1002 1259; x_wconf 83' lang='lat' dir='ltr'><strong>alternatione,</strong></span> <span class='ocrx_word' id='word_1_81' title='bbox 1025 1199 1112 1263; x_wconf 88' lang='lat' dir='ltr'><strong>quam</strong></span> <span class='ocrx_word' id='word_1_82' title='bbox 1127 1188 1157 1244; x_wconf 91' lang='lat' dir='ltr'><strong>et</strong></span> <span class='ocrx_word' id='word_1_83' title='bbox 1170 1180 1300 1261; x_wconf 88' lang='lat' dir='ltr'><strong>initialia,</strong></span> 
     </span>
     <span class='ocr_line' id='line_1_10' title="bbox 62 1290 1300 1372; baseline -0.003 -16"><span class='ocrx_word' id='word_1_84' title='bbox 62 1293 119 1356; x_wconf 89' lang='lat' dir='ltr'><strong>sed</strong></span> <span class='ocrx_word' id='word_1_85' title='bbox 147 1294 188 1356; x_wconf 89' lang='lat' dir='ltr'><strong>ita</strong></span> <span class='ocrx_word' id='word_1_86' title='bbox 218 1293 374 1372; x_wconf 83' lang='lat' dir='ltr'><strong>exhibent,</strong></span> <span class='ocrx_word' id='word_1_87' title='bbox 405 1300 437 1355; x_wconf 91' lang='lat' dir='ltr'><strong>ut</strong></span> <span class='ocrx_word' id='word_1_88' title='bbox 465 1292 612 1356; x_wconf 83' lang='lat' dir='ltr'><strong>caeruleis</strong></span> <span class='ocrx_word' id='word_1_89' title='bbox 639 1290 743 1355; x_wconf 85' lang='lat' dir='ltr'><strong>littoris</strong></span> <span class='ocrx_word' id='word_1_90' title='bbox 769 1291 858 1354; x_wconf 87' lang='lat' dir='ltr'><strong>rubra</strong></span> <span class='ocrx_word' id='word_1_91' title='bbox 887 1293 946 1354; x_wconf 89' lang='lat' dir='ltr'><strong>siut</strong></span> <span class='ocrx_word' id='word_1_92' title='bbox 973 1291 1069 1354; x_wconf 91' lang='lat' dir='ltr'><strong>addita</strong></span> <span class='ocrx_word' id='word_1_93' title='bbox 1099 1291 1300 1354; x_wconf 89' lang='lat' dir='ltr'><strong>ornamentula</strong></span> 
     </span>
     <span class='ocr_line' id='line_1_11' title="bbox 60 1401 1300 1484; baseline -0.003 -18"><span class='ocrx_word' id='word_1_94' title='bbox 60 1411 152 1484; x_wconf 86' lang='lat' dir='ltr'><strong>atquc</strong></span> <span class='ocrx_word' id='word_1_95' title='bbox 181 1402 280 1466; x_wconf 89' lang='lat' dir='ltr'><strong>rubris</strong></span> <span class='ocrx_word' id='word_1_96' title='bbox 307 1401 453 1464; x_wconf 89' lang='lat' dir='ltr'><strong>caerulea.</strong></span> <span class='ocrx_word' id='word_1_97' title='bbox 504 1401 665 1464; x_wconf 83' lang='lat' dir='ltr'><strong>Titulorum</strong></span> <span class='ocrx_word' id='word_1_98' title='bbox 692 1401 829 1463; x_wconf 86' lang='lat' dir='ltr'><strong>rubricae</strong></span> <span class='ocrx_word' id='word_1_99' title='bbox 856 1402 1012 1464; x_wconf 85' lang='lat' dir='ltr'><strong>maximam</strong></span> <span class='ocrx_word' id='word_1_100' title='bbox 1042 1407 1153 1481; x_wconf 84' lang='lat' dir='ltr'><strong>partem</strong></span> <span class='ocrx_word' id='word_1_101' title='bbox 1183 1401 1300 1480; x_wconf 83' lang='lat' dir='ltr'><strong>desunt,</strong></span> 
     </span>
     <span class='ocr_line' id='line_1_12' title="bbox 61 1509 1302 1593; baseline -0.002 -19"><span class='ocrx_word' id='word_1_102' title='bbox 61 1513 119 1574; x_wconf 93' lang='lat' dir='ltr'><strong>sed</strong></span> <span class='ocrx_word' id='word_1_103' title='bbox 139 1512 214 1592; x_wconf 79' lang='lat' dir='ltr'><strong>ipsis</strong></span> <span class='ocrx_word' id='word_1_104' title='bbox 235 1529 300 1593; x_wconf 87' lang='lat' dir='ltr'><strong>per</strong></span> <span class='ocrx_word' id='word_1_105' title='bbox 320 1519 409 1574; x_wconf 89' lang='lat' dir='ltr'><strong>totam</strong></span> <span class='ocrx_word' id='word_1_106' title='bbox 430 1529 576 1574; x_wconf 91' lang='lat' dir='ltr'><strong>summam</strong></span> <span class='ocrx_word' id='word_1_107' title='bbox 598 1512 722 1592; x_wconf 88' lang='lat' dir='ltr'><strong>spatium</strong></span> <span class='ocrx_word' id='word_1_108' title='bbox 744 1523 762 1573; x_wconf 86' lang='lat' dir='ltr'><strong>a</strong></span> <span class='ocrx_word' id='word_1_109' title='bbox 784 1509 903 1572; x_wconf 87' lang='lat' dir='ltr'><strong>librario</strong></span> <span class='ocrx_word' id='word_1_110' title='bbox 932 1509 1068 1572; x_wconf 90' lang='lat' dir='ltr'><strong>relictum</strong></span> <span class='ocrx_word' id='word_1_111' title='bbox 1092 1527 1161 1573; x_wconf 90' lang='lat' dir='ltr'><strong>esse</strong></span> <span class='ocrx_word' id='word_1_112' title='bbox 1183 1511 1302 1573; x_wconf 88' lang='lat' dir='ltr'><strong>adnotat</strong></span> 
     </span>
     <span class='ocr_line' id='line_1_13' title="bbox 61 1618 1301 1710; baseline -0.002 -26"><span class='ocrx_word' id='word_1_113' title='bbox 61 1621 155 1700; x_wconf 87' lang='lat' dir='ltr'><strong>tilios,</strong></span> <span class='ocrx_word' id='word_1_114' title='bbox 180 1622 245 1701; x_wconf 89' lang='lat' dir='ltr'><strong>cui,</strong></span> <span class='ocrx_word' id='word_1_115' title='bbox 268 1639 346 1710; x_wconf 87' lang='lat' dir='ltr'><strong>quae</strong></span> <span class='ocrx_word' id='word_1_116' title='bbox 367 1621 487 1699; x_wconf 77' lang='lat' dir='ltr'><strong>adsunt,</strong></span> <span class='ocrx_word' id='word_1_117' title='bbox 517 1621 596 1683; x_wconf 87' lang='lat' dir='ltr'><strong>baud</strong></span> <span class='ocrx_word' id='word_1_118' title='bbox 618 1620 723 1684; x_wconf 89' lang='lat' dir='ltr'><strong>eadem</strong></span> <span class='ocrx_word' id='word_1_119' title='bbox 744 1637 832 1682; x_wconf 89' lang='lat' dir='ltr'><strong>manu</strong></span> <span class='ocrx_word' id='word_1_120' title='bbox 854 1619 1026 1682; x_wconf 88' lang='lat' dir='ltr'><strong>videbantur</strong></span> <span class='ocrx_word' id='word_1_121' title='bbox 1045 1618 1171 1682; x_wconf 87' lang='lat' dir='ltr'><strong>additae.</strong></span> <span class='ocrx_word' id='word_1_122' title='bbox 1216 1619 1301 1682; x_wconf 86' lang='lat' dir='ltr'><strong>Para-</strong></span> 
     </span>
     <span class='ocr_line' id='line_1_14' title="bbox 62 1729 1301 1813; baseline 0 -21"><span class='ocrx_word' id='word_1_123' title='bbox 62 1731 248 1813; x_wconf 87' lang='lat' dir='ltr'><strong>graphorum</strong></span> <span class='ocrx_word' id='word_1_124' title='bbox 262 1747 361 1811; x_wconf 86' lang='lat' dir='ltr'><strong>neque</strong></span> <span class='ocrx_word' id='word_1_125' title='bbox 377 1730 483 1792; x_wconf 88' lang='lat' dir='ltr'><strong>desunt</strong></span> <span class='ocrx_word' id='word_1_126' title='bbox 505 1731 601 1812; x_wconf 90' lang='lat' dir='ltr'><strong>signa,</strong></span> <span class='ocrx_word' id='word_1_127' title='bbox 624 1731 716 1809; x_wconf 86' lang='lat' dir='ltr'><strong>rubri,</strong></span> <span class='ocrx_word' id='word_1_128' title='bbox 739 1737 770 1792; x_wconf 93' lang='lat' dir='ltr'><strong>ut</strong></span> <span class='ocrx_word' id='word_1_129' title='bbox 790 1729 873 1810; x_wconf 89' lang='lat' dir='ltr'><strong>ipsae</strong></span> <span class='ocrx_word' id='word_1_130' title='bbox 892 1729 1037 1809; x_wconf 84' lang='lat' dir='ltr'><strong>rubricae,</strong></span> <span class='ocrx_word' id='word_1_131' title='bbox 1060 1729 1178 1805; x_wconf 88' lang='lat' dir='ltr'><strong>coloris,</strong></span> <span class='ocrx_word' id='word_1_132' title='bbox 1202 1747 1301 1811; x_wconf 89' lang='lat' dir='ltr'><strong>neque</strong></span> 
     </span>
     <span class='ocr_line' id='line_1_15' title="bbox 62 1839 1301 1922; baseline -0.002 -18"><span class='ocrx_word' id='word_1_133' title='bbox 62 1843 264 1922; x_wconf 82' lang='lat' dir='ltr'><strong>interpuncta3</strong></span> <span class='ocrx_word' id='word_1_134' title='bbox 286 1839 340 1903; x_wconf 90' lang='lat' dir='ltr'><strong>sed</strong></span> <span class='ocrx_word' id='word_1_135' title='bbox 355 1847 414 1902; x_wconf 87' lang='lat' dir='ltr'><strong>tam</strong></span> <span class='ocrx_word' id='word_1_136' title='bbox 429 1855 532 1902; x_wconf 90' lang='lat' dir='ltr'><strong>eorum</strong></span> <span class='ocrx_word' id='word_1_137' title='bbox 548 1839 779 1902; x_wconf 88' lang='lat' dir='ltr'><strong>adiiciendorum</strong></span> <span class='ocrx_word' id='word_1_138' title='bbox 795 1855 883 1921; x_wconf 88' lang='lat' dir='ltr'><strong>quarn</strong></span> <span class='ocrx_word' id='word_1_139' title='bbox 896 1839 1053 1902; x_wconf 88' lang='lat' dir='ltr'><strong>uncialium</strong></span> <span class='ocrx_word' id='word_1_140' title='bbox 1067 1839 1301 1919; x_wconf 86' lang='lat' dir='ltr'><strong>usurpandorum</strong></span> 
     </span>
     <span class='ocr_line' id='line_1_16' title="bbox 64 1947 1302 2031; baseline -0.001 -18"><span class='ocrx_word' id='word_1_141' title='bbox 64 1968 178 2013; x_wconf 90' lang='lat' dir='ltr'><strong>summa</strong></span> <span class='ocrx_word' id='word_1_142' title='bbox 193 1949 303 2012; x_wconf 87' lang='lat' dir='ltr'><strong>adesse</strong></span> <span class='ocrx_word' id='word_1_143' title='bbox 317 1949 423 2012; x_wconf 88' lang='lat' dir='ltr'><strong>dicitur</strong></span> <span class='ocrx_word' id='word_1_144' title='bbox 436 1949 562 2022; x_wconf 87' lang='lat' dir='ltr'><strong>licentia,</strong></span> <span class='ocrx_word' id='word_1_145' title='bbox 584 1967 624 2012; x_wconf 92' lang='lat' dir='ltr'><strong>ne</strong></span> <span class='ocrx_word' id='word_1_146' title='bbox 639 1949 721 2012; x_wconf 85' lang='lat' dir='ltr'><strong>dicas</strong></span> <span class='ocrx_word' id='word_1_147' title='bbox 735 1947 835 2013; x_wconf 90' lang='lat' dir='ltr'><strong>libido.</strong></span> <span class='ocrx_word' id='word_1_148' title='bbox 878 1949 1025 2025; x_wconf 77' lang='lat' dir='ltr'><strong>lacunae,</strong></span> <span class='ocrx_word' id='word_1_149' title='bbox 1046 1967 1168 2030; x_wconf 85' lang='lat' dir='ltr'><strong>quarum</strong></span> <span class='ocrx_word' id='word_1_150' title='bbox 1183 1967 1302 2031; x_wconf 85' lang='lat' dir='ltr'><strong>semper</strong></span> 
     </span>
     <span class='ocr_line' id='line_1_17' title="bbox 65 2031 1299 2142; baseline -0.001 -19"><span class='ocrx_word' id='word_1_151' title='bbox 65 2061 99 2123; x_wconf 88' lang='lat' dir='ltr'><strong>ad</strong></span> <span class='ocrx_word' id='word_1_152' title='bbox 119 2061 290 2142; x_wconf 80' lang='lat' dir='ltr'><strong>marginem</strong></span> <span class='ocrx_word' id='word_1_153' title='bbox 319 2059 445 2122; x_wconf 88' lang='lat' dir='ltr'><strong>additam</strong></span> <span class='ocrx_word' id='word_1_154' title='bbox 473 2059 557 2123; x_wconf 90' lang='lat' dir='ltr'><strong>vides</strong></span> <span class='ocrx_word' id='word_1_155' title='bbox 587 2059 735 2138; x_wconf 88' lang='lat' dir='ltr'><strong>notulam,</strong></span> <span class='ocrx_word' id='word_1_156' title='bbox 766 2076 824 2122; x_wconf 92' lang='lat' dir='ltr'><strong>nec</strong></span> <span class='ocrx_word' id='word_1_157' title='bbox 851 2057 959 2122; x_wconf 87' lang='lat' dir='ltr'><strong>multae</strong></span> <span class='ocrx_word' id='word_1_158' title='bbox 984 2031 1052 2123; x_wconf 74' lang='lat' dir='ltr'><strong>sunt</strong></span> <span class='ocrx_word' id='word_1_159' title='bbox 1078 2076 1136 2122; x_wconf 87' lang='lat' dir='ltr'><strong>neo</strong></span> <span class='ocrx_word' id='word_1_160' title='bbox 1163 2077 1299 2141; x_wconf 89' lang='lat' dir='ltr'><strong>magnac,</strong></span> 
     </span>
     <span class='ocr_line' id='line_1_18' title="bbox 65 2169 1299 2252; baseline -0.001 -19"><span class='ocrx_word' id='word_1_161' title='bbox 65 2171 255 2252; x_wconf 79' lang='lat' dir='ltr'><strong>notioresque</strong></span> <span class='ocrx_word' id='word_1_162' title='bbox 277 2169 314 2232; x_wconf 91' lang='lat' dir='ltr'><strong>ad</strong></span> <span class='ocrx_word' id='word_1_163' title='bbox 331 2169 463 2232; x_wconf 89' lang='lat' dir='ltr'><strong>locomm</strong></span> <span class='ocrx_word' id='word_1_164' title='bbox 486 2169 669 2232; x_wconf 89' lang='lat' dir='ltr'><strong>laudatorum</strong></span> <span class='ocrx_word' id='word_1_165' title='bbox 690 2175 824 2249; x_wconf 90' lang='lat' dir='ltr'><strong>spectant</strong></span> <span class='ocrx_word' id='word_1_166' title='bbox 844 2185 984 2232; x_wconf 88' lang='lat' dir='ltr'><strong>numeros</strong></span> <span class='ocrx_word' id='word_1_167' title='bbox 998 2169 1224 2248; x_wconf 81' lang='lat' dir='ltr'><strong>rectificand0s3</strong></span> <span class='ocrx_word' id='word_1_168' title='bbox 1247 2169 1299 2232; x_wconf 89' lang='lat' dir='ltr'><strong>ali-</strong></span> 
     </span>
     <span class='ocr_line' id='line_1_19' title="bbox 66 2277 1301 2360; baseline 0 -18"><span class='ocrx_word' id='word_1_169' title='bbox 66 2282 182 2360; x_wconf 85' lang='lat' dir='ltr'><strong>quando</strong></span> <span class='ocrx_word' id='word_1_170' title='bbox 204 2297 280 2342; x_wconf 88' lang='lat' dir='ltr'><strong>vero</strong></span> <span class='ocrx_word' id='word_1_171' title='bbox 300 2279 365 2360; x_wconf 87' lang='lat' dir='ltr'><strong>ipse</strong></span> <span class='ocrx_word' id='word_1_172' title='bbox 386 2280 537 2356; x_wconf 88' lang='lat' dir='ltr'><strong>librarius,</strong></span> <span class='ocrx_word' id='word_1_173' title='bbox 560 2279 610 2342; x_wconf 92' lang='lat' dir='ltr'><strong>ubi</strong></span> <span class='ocrx_word' id='word_1_174' title='bbox 632 2278 761 2342; x_wconf 89' lang='lat' dir='ltr'><strong>calamus</strong></span> <span class='ocrx_word' id='word_1_175' title='bbox 782 2277 933 2358; x_wconf 78' lang='lat' dir='ltr'><strong>fefellerit,</strong></span> <span class='ocrx_word' id='word_1_176' title='bbox 956 2279 1238 2360; x_wconf 90' lang='lat' dir='ltr'><strong>autsuppunotando</strong></span> <span class='ocrx_word' id='word_1_177' title='bbox 1252 2286 1301 2342; x_wconf 92' lang='lat' dir='ltr'><strong>aut</strong></span> 
     </span>
     <span class='ocr_line' id='line_1_20' title="bbox 65 2389 1300 2471; baseline 0 -19"><span class='ocrx_word' id='word_1_178' title='bbox 65 2390 170 2454; x_wconf 91' lang='lat' dir='ltr'><strong>lineola</strong></span> <span class='ocrx_word' id='word_1_179' title='bbox 193 2389 401 2471; x_wconf 87' lang='lat' dir='ltr'><strong>superinducta</strong></span> <span class='ocrx_word' id='word_1_180' title='bbox 423 2396 473 2452; x_wconf 90' lang='lat' dir='ltr'><strong>aut</strong></span> <span class='ocrx_word' id='word_1_181' title='bbox 492 2389 596 2452; x_wconf 86' lang='lat' dir='ltr'><strong>additia</strong></span> <span class='ocrx_word' id='word_1_182' title='bbox 621 2389 715 2470; x_wconf 91' lang='lat' dir='ltr'><strong>signis</strong></span> <span class='ocrx_word' id='word_1_183' title='bbox 744 2393 854 2450; x_wconf 83' lang='lat' dir='ltr'><strong>textum</strong></span> <span class='ocrx_word' id='word_1_184' title='bbox 884 2389 1100 2452; x_wconf 88' lang='lat' dir='ltr'><strong>emendandum</strong></span> <span class='ocrx_word' id='word_1_185' title='bbox 1128 2396 1300 2470; x_wconf 88' lang='lat' dir='ltr'><strong>rectamque</strong></span> 
     </span>
     <span class='ocr_line' id='line_1_21' title="bbox 65 2497 1297 2580; baseline -0.002 -18"><span class='ocrx_word' id='word_1_186' title='bbox 65 2501 221 2564; x_wconf 86' lang='lat' dir='ltr'><strong>verborum</strong></span> <span class='ocrx_word' id='word_1_187' title='bbox 252 2499 362 2562; x_wconf 87' lang='lat' dir='ltr'><strong>seriem</strong></span> <span class='ocrx_word' id='word_1_188' title='bbox 383 2497 596 2562; x_wconf 87' lang='lat' dir='ltr'><strong>restituendam</strong></span> <span class='ocrx_word' id='word_1_189' title='bbox 624 2498 745 2560; x_wconf 87' lang='lat' dir='ltr'><strong>curavit.</strong></span> <span class='ocrx_word' id='word_1_190' title='bbox 788 2497 927 2561; x_wconf 87' lang='lat' dir='ltr'><strong>Summae</strong></span> <span class='ocrx_word' id='word_1_191' title='bbox 956 2500 1091 2580; x_wconf 89' lang='lat' dir='ltr'><strong>saepius,</strong></span> <span class='ocrx_word' id='word_1_192' title='bbox 1121 2517 1179 2561; x_wconf 90' lang='lat' dir='ltr'><strong>neo</strong></span> <span class='ocrx_word' id='word_1_193' title='bbox 1199 2506 1297 2560; x_wconf 90' lang='lat' dir='ltr'><strong>tamen</strong></span> 
     </span>
     <span class='ocr_line' id='line_1_22' title="bbox 65 2607 1299 2690; baseline -0.002 -18"><span class='ocrx_word' id='word_1_194' title='bbox 65 2611 135 2674; x_wconf 82' lang='lat' dir='ltr'><strong>olba</strong></span> <span class='ocrx_word' id='word_1_195' title='bbox 149 2611 216 2672; x_wconf 85' lang='lat' dir='ltr'><strong>Lib.</strong></span> <span class='ocrx_word' id='word_1_196' title='bbox 230 2609 278 2672; x_wconf 91' lang='lat' dir='ltr'><strong>lll.</strong></span> <span class='ocrx_word' id='word_1_197' title='bbox 293 2610 335 2673; x_wconf 90' lang='lat' dir='ltr'><strong>tit.</strong></span> <span class='ocrx_word' id='word_1_198' title='bbox 349 2609 387 2674; x_wconf 87' lang='lat'><strong>21</strong></span> <span class='ocrx_word' id='word_1_199' title='bbox 401 2608 454 2690; x_wconf 78' lang='lat'><strong>⁶³),</strong></span> <span class='ocrx_word' id='word_1_200' title='bbox 485 2609 522 2672; x_wconf 92' lang='lat' dir='ltr'><strong>ad</strong></span> <span class='ocrx_word' id='word_1_201' title='bbox 543 2609 708 2690; x_wconf 84' lang='lat' dir='ltr'><strong>marginem</strong></span> <span class='ocrx_word' id='word_1_202' title='bbox 730 2607 844 2670; x_wconf 87' lang='lat' dir='ltr'><strong>adiecta</strong></span> <span class='ocrx_word' id='word_1_203' title='bbox 867 2626 937 2673; x_wconf 88' lang='lat' dir='ltr'><strong>csse</strong></span> <span class='ocrx_word' id='word_1_204' title='bbox 958 2607 1141 2672; x_wconf 89' lang='lat' dir='ltr'><strong>diversarum</strong></span> <span class='ocrx_word' id='word_1_205' title='bbox 1162 2625 1299 2671; x_wconf 87' lang='lat' dir='ltr'><strong>manuum</strong></span> 
     </span>
     <span class='ocr_line' id='line_1_23' title="bbox 66 2717 1300 2802; baseline 0 -20"><span class='ocrx_word' id='word_1_206' title='bbox 66 2720 263 2802; x_wconf 87' lang='lat' dir='ltr'><strong>glossemata,</strong></span> <span class='ocrx_word' id='word_1_207' title='bbox 295 2719 442 2782; x_wconf 82' lang='lat' dir='ltr'><strong>adnotavit</strong></span> <span class='ocrx_word' id='word_1_208' title='bbox 467 2718 559 2797; x_wconf 90' lang='lat' dir='ltr'><strong>lilius,</strong></span> <span class='ocrx_word' id='word_1_209' title='bbox 588 2718 643 2782; x_wconf 91' lang='lat' dir='ltr'><strong>sed</strong></span> <span class='ocrx_word' id='word_1_210' title='bbox 664 2735 724 2780; x_wconf 94' lang='lat' dir='ltr'><strong>non</strong></span> <span class='ocrx_word' id='word_1_211' title='bbox 745 2719 815 2780; x_wconf 90' lang='lat' dir='ltr'><strong>tanti</strong></span> <span class='ocrx_word' id='word_1_212' title='bbox 835 2717 951 2798; x_wconf 90' lang='lat' dir='ltr'><strong>babuit,</strong></span> <span class='ocrx_word' id='word_1_213' title='bbox 980 2727 1011 2781; x_wconf 92' lang='lat' dir='ltr'><strong>ut</strong></span> <span class='ocrx_word' id='word_1_214' title='bbox 1040 2737 1077 2782; x_wconf 91' lang='lat' dir='ltr'><strong>ea</strong></span> <span class='ocrx_word' id='word_1_215' title='bbox 1106 2719 1300 2782; x_wconf 87' lang='lat' dir='ltr'><strong>describenda</strong></span> 
     </span>
     <span class='ocr_line' id='line_1_24' title="bbox 67 2825 1300 2911; baseline 0 -19"><span class='ocrx_word' id='word_1_216' title='bbox 67 2848 133 2894; x_wconf 88' lang='lat' dir='ltr'><strong>csse</strong></span> <span class='ocrx_word' id='word_1_217' title='bbox 154 2831 312 2910; x_wconf 89' lang='lat' dir='ltr'><strong>putaverit.</strong></span> <span class='ocrx_word' id='word_1_218' title='bbox 347 2828 448 2910; x_wconf 87' lang='lat' dir='ltr'><strong>Siglae</strong></span> <span class='ocrx_word' id='word_1_219' title='bbox 475 2845 513 2890; x_wconf 91' lang='lat' dir='ltr'><strong>an</strong></span> <span class='ocrx_word' id='word_1_220' title='bbox 538 2829 567 2890; x_wconf 93' lang='lat' dir='ltr'><strong>in</strong></span> <span class='ocrx_word' id='word_1_221' title='bbox 595 2827 679 2911; x_wconf 88' lang='lat' dir='ltr'><strong>bisce</strong></span> <span class='ocrx_word' id='word_1_222' title='bbox 707 2825 896 2908; x_wconf 87' lang='lat' dir='ltr'><strong>glossematis</strong></span> <span class='ocrx_word' id='word_1_223' title='bbox 917 2836 1089 2908; x_wconf 86' lang='lat' dir='ltr'><strong>occurrant,</strong></span> <span class='ocrx_word' id='word_1_224' title='bbox 1111 2829 1188 2891; x_wconf 87' lang='lat' dir='ltr'><strong>unde</strong></span> <span class='ocrx_word' id='word_1_225' title='bbox 1211 2836 1241 2891; x_wconf 92' lang='lat' dir='ltr'><strong>et</strong></span> <span class='ocrx_word' id='word_1_226' title='bbox 1262 2829 1300 2892; x_wconf 88' lang='lat' dir='ltr'><strong>de</strong></span> 
     </span>
     <span class='ocr_line' id='line_1_25' title="bbox 69 2937 1299 3019; baseline -0.001 -18"><span class='ocrx_word' id='word_1_227' title='bbox 69 2957 169 3002; x_wconf 90' lang='lat' dir='ltr'><strong>eorum</strong></span> <span class='ocrx_word' id='word_1_228' title='bbox 192 2947 223 3001; x_wconf 89' lang='lat' dir='ltr'><strong>et</strong></span> <span class='ocrx_word' id='word_1_229' title='bbox 243 2937 282 3000; x_wconf 89' lang='lat' dir='ltr'><strong>da</strong></span> <span class='ocrx_word' id='word_1_230' title='bbox 302 2937 369 3001; x_wconf 90' lang='lat' dir='ltr'><strong>libri</strong></span> <span class='ocrx_word' id='word_1_231' title='bbox 390 2937 579 3018; x_wconf 89' lang='lat' dir='ltr'><strong>manuscripti</strong></span> <span class='ocrx_word' id='word_1_232' title='bbox 599 2944 695 3000; x_wconf 89' lang='lat' dir='ltr'><strong>aetate</strong></span> <span class='ocrx_word' id='word_1_233' title='bbox 715 2937 820 3000; x_wconf 87' lang='lat' dir='ltr'><strong>liceret</strong></span> <span class='ocrx_word' id='word_1_234' title='bbox 841 2937 1020 3019; x_wconf 85' lang='lat' dir='ltr'><strong>coniectare,</strong></span> <span class='ocrx_word' id='word_1_235' title='bbox 1043 2957 1109 3001; x_wconf 90' lang='lat' dir='ltr'><strong>cum</strong></span> <span class='ocrx_word' id='word_1_236' title='bbox 1131 2939 1169 3000; x_wconf 91' lang='lat' dir='ltr'><strong>de</strong></span> <span class='ocrx_word' id='word_1_237' title='bbox 1190 2939 1234 3001; x_wconf 90' lang='lat' dir='ltr'><strong>eis</strong></span> <span class='ocrx_word' id='word_1_238' title='bbox 1255 2945 1299 3000; x_wconf 90' lang='lat' dir='ltr'><strong>ta·</strong></span> 
     </span>
     <span class='ocr_line' id='line_1_26' title="bbox 69 3046 1300 3130; baseline -0.001 -19"><span class='ocrx_word' id='word_1_239' title='bbox 69 3055 130 3111; x_wconf 82' lang='lat' dir='ltr'><strong>caat</strong></span> <span class='ocrx_word' id='word_1_240' title='bbox 157 3047 253 3128; x_wconf 85' lang='lat' dir='ltr'><strong>lilios,</strong></span> <span class='ocrx_word' id='word_1_241' title='bbox 284 3046 422 3128; x_wconf 82' lang='lat' dir='ltr'><strong>equidem</strong></span> <span class='ocrx_word' id='word_1_242' title='bbox 451 3047 718 3125; x_wconf 87' lang='lat' dir='ltr'><strong>subdubitaverim,</strong></span> <span class='ocrx_word' id='word_1_243' title='bbox 749 3065 808 3110; x_wconf 90' lang='lat' dir='ltr'><strong>nec</strong></span> <span class='ocrx_word' id='word_1_244' title='bbox 841 3065 917 3130; x_wconf 86' lang='lat' dir='ltr'><strong>quae</strong></span> <span class='ocrx_word' id='word_1_245' title='bbox 945 3049 1001 3112; x_wconf 89' lang='lat' dir='ltr'><strong>alia</strong></span> <span class='ocrx_word' id='word_1_246' title='bbox 1025 3048 1095 3112; x_wconf 85' lang='lat' dir='ltr'><strong>inibi</strong></span> <span class='ocrx_word' id='word_1_247' title='bbox 1116 3048 1300 3111; x_wconf 86' lang='lat' dir='ltr'><strong>obvenerunt</strong></span> 
     </span>
     <span class='ocr_line' id='line_1_27' title="bbox 69 3156 1297 3240; baseline -0.001 -20"><span class='ocrx_word' id='word_1_248' title='bbox 69 3158 224 3240; x_wconf 88' lang='lat' dir='ltr'><strong>temporis,</strong></span> <span class='ocrx_word' id='word_1_249' title='bbox 247 3173 306 3238; x_wconf 81' lang='lat' dir='ltr'><strong>quo</strong></span> <span class='ocrx_word' id='word_1_250' title='bbox 327 3157 453 3238; x_wconf 90' lang='lat' dir='ltr'><strong>scriptus</strong></span> <span class='ocrx_word' id='word_1_251' title='bbox 474 3156 562 3219; x_wconf 83' lang='lat' dir='ltr'><strong>luerit</strong></span> <span class='ocrx_word' id='word_1_252' title='bbox 584 3156 680 3220; x_wconf 85' lang='lat' dir='ltr'><strong>codex</strong></span> <span class='ocrx_word' id='word_1_253' title='bbox 700 3157 890 3237; x_wconf 88' lang='lat' dir='ltr'><strong>Parisiensis,</strong></span> <span class='ocrx_word' id='word_1_254' title='bbox 916 3165 1091 3238; x_wconf 88' lang='lat' dir='ltr'><strong>argumenta</strong></span> <span class='ocrx_word' id='word_1_255' title='bbox 1113 3158 1162 3221; x_wconf 92' lang='lat' dir='ltr'><strong>vel</strong></span> <span class='ocrx_word' id='word_1_256' title='bbox 1181 3157 1297 3221; x_wconf 87' lang='lat' dir='ltr'><strong>indicia.</strong></span> 
     </span>
     <span class='ocr_line' id='line_1_28' title="bbox 69 3265 1297 3349; baseline 0.002 -20"><span class='ocrx_word' id='word_1_257' title='bbox 69 3267 136 3331; x_wconf 90' lang='lat' dir='ltr'><strong>llam</strong></span> <span class='ocrx_word' id='word_1_258' title='bbox 151 3267 235 3349; x_wconf 85' lang='lat' dir='ltr'><strong>quod</strong></span> <span class='ocrx_word' id='word_1_259' title='bbox 248 3267 279 3330; x_wconf 95' lang='lat' dir='ltr'><strong>in</strong></span> <span class='ocrx_word' id='word_1_260' title='bbox 293 3267 358 3348; x_wconf 93' lang='lat' dir='ltr'><strong>ipso</strong></span> <span class='ocrx_word' id='word_1_261' title='bbox 373 3273 511 3330; x_wconf 84' lang='lat' dir='ltr'><strong>contentu</strong></span> <span class='ocrx_word' id='word_1_262' title='bbox 525 3265 621 3330; x_wconf 89' lang='lat' dir='ltr'><strong>semel</strong></span> <span class='ocrx_word' id='word_1_263' title='bbox 635 3266 793 3330; x_wconf 82' lang='lat' dir='ltr'><strong>Clementis</strong></span> <span class='ocrx_word' id='word_1_264' title='bbox 806 3265 852 3329; x_wconf 92' lang='lat' dir='ltr'><strong>lll.</strong></span> <span class='ocrx_word' id='word_1_265' title='bbox 868 3267 980 3330; x_wconf 86' lang='lat' dir='ltr'><strong>decret</strong></span> <span class='ocrx_word' id='word_1_266' title='bbox 995 3269 1089 3331; x_wconf 82' lang='lat' dir='ltr'><strong>Nobis</strong></span> <span class='ocrx_word' id='word_1_267' title='bbox 1098 3266 1140 3345; x_wconf 77' lang='lat'><strong>⁵⁴)</strong></span> <span class='ocrx_word' id='word_1_268' title='bbox 1156 3268 1297 3348; x_wconf 87' lang='lat' dir='ltr'><strong>laudatur,</strong></span> 
     </span>
     <span class='ocr_line' id='line_1_29' title="bbox 68 3375 1300 3459; baseline 0 -19"><span class='ocrx_word' id='word_1_269' title='bbox 68 3379 132 3442; x_wconf 91' lang='lat' dir='ltr'><strong>inde</strong></span> <span class='ocrx_word' id='word_1_270' title='bbox 153 3377 323 3441; x_wconf 87' lang='lat' dir='ltr'><strong>nullatenus</strong></span> <span class='ocrx_word' id='word_1_271' title='bbox 343 3375 490 3458; x_wconf 86' lang='lat' dir='ltr'><strong>sequitur,</strong></span> <span class='ocrx_word' id='word_1_272' title='bbox 512 3381 544 3438; x_wconf 88' lang='lat' dir='ltr'><strong>ut</strong></span> <span class='ocrx_word' id='word_1_273' title='bbox 564 3376 801 3457; x_wconf 80' lang='lat' dir='ltr'><strong>compilationem</strong></span> <span class='ocrx_word' id='word_1_274' title='bbox 815 3376 975 3440; x_wconf 86' lang='lat' dir='ltr'><strong>secundam</strong></span> <span class='ocrx_word' id='word_1_275' title='bbox 989 3384 1059 3441; x_wconf 91' lang='lat' dir='ltr'><strong>tuno</strong></span> <span class='ocrx_word' id='word_1_276' title='bbox 1077 3379 1221 3459; x_wconf 84' lang='lat' dir='ltr'><strong>temporis</strong></span> <span class='ocrx_word' id='word_1_277' title='bbox 1242 3379 1300 3441; x_wconf 90' lang='lat' dir='ltr'><strong>iam</strong></span> 
     </span>
     <span class='ocr_line' id='line_1_30' title="bbox 67 3485 1300 3567; baseline 0.002 -19"><span class='ocrx_word' id='word_1_278' title='bbox 67 3487 214 3550; x_wconf 78' lang='lat' dir='ltr'><strong>inlunem</strong></span> <span class='ocrx_word' id='word_1_279' title='bbox 237 3485 382 3566; x_wconf 88' lang='lat' dir='ltr'><strong>prodiisse</strong></span> <span class='ocrx_word' id='word_1_280' title='bbox 403 3492 554 3567; x_wconf 82' lang='lat' dir='ltr'><strong>putemus3</strong></span> <span class='ocrx_word' id='word_1_281' title='bbox 576 3487 647 3566; x_wconf 90' lang='lat' dir='ltr'><strong>ipsis</strong></span> <span class='ocrx_word' id='word_1_282' title='bbox 662 3486 923 3550; x_wconf 78' lang='lat' dir='ltr'><strong>enimllemardini</strong></span> <span class='ocrx_word' id='word_1_283' title='bbox 944 3487 1083 3551; x_wconf 89' lang='lat' dir='ltr'><strong>breviarii</strong></span> <span class='ocrx_word' id='word_1_284' title='bbox 1104 3489 1186 3550; x_wconf 88' lang='lat' dir='ltr'><strong>libris</strong></span> <span class='ocrx_word' id='word_1_285' title='bbox 1207 3505 1300 3551; x_wconf 86' lang='lat' dir='ltr'><strong>novas</strong></span> 
     </span>
     <span class='ocr_line' id='line_1_31' title="bbox 69 3593 1299 3680; baseline 0.002 -22"><span class='ocrx_word' id='word_1_286' title='bbox 69 3595 250 3674; x_wconf 87' lang='lat' dir='ltr'><strong>decretales,</strong></span> <span class='ocrx_word' id='word_1_287' title='bbox 283 3602 368 3676; x_wconf 91' lang='lat' dir='ltr'><strong>prout</strong></span> <span class='ocrx_word' id='word_1_288' title='bbox 396 3593 533 3676; x_wconf 84' lang='lat' dir='ltr'><strong>singulae</strong></span> <span class='ocrx_word' id='word_1_289' title='bbox 562 3598 668 3676; x_wconf 86' lang='lat' dir='ltr'><strong>cuique</strong></span> <span class='ocrx_word' id='word_1_290' title='bbox 691 3597 882 3677; x_wconf 87' lang='lat' dir='ltr'><strong>innotuerint,</strong></span> <span class='ocrx_word' id='word_1_291' title='bbox 915 3595 1007 3660; x_wconf 89' lang='lat' dir='ltr'><strong>luisse</strong></span> <span class='ocrx_word' id='word_1_292' title='bbox 1028 3597 1189 3680; x_wconf 87' lang='lat' dir='ltr'><strong>adscriptas</strong></span> <span class='ocrx_word' id='word_1_293' title='bbox 1211 3605 1299 3679; x_wconf 89' lang='lat' dir='ltr'><strong>atque</strong></span> 
     </span>
     <span class='ocr_line' id='line_1_32' title="bbox 70 3704 1299 3789; baseline -0.001 -19"><span class='ocrx_word' id='word_1_294' title='bbox 70 3713 169 3782; x_wconf 84' lang='lat' dir='ltr'><strong>„extra</strong></span> <span class='ocrx_word' id='word_1_295' title='bbox 198 3704 314 3768; x_wconf 85' lang='lat' dir='ltr'><strong>titulos“</strong></span> <span class='ocrx_word' id='word_1_296' title='bbox 343 3705 509 3786; x_wconf 85' lang='lat' dir='ltr'><strong>appositas,</strong></span> <span class='ocrx_word' id='word_1_297' title='bbox 540 3712 571 3768; x_wconf 88' lang='lat' dir='ltr'><strong>et</strong></span> <span class='ocrx_word' id='word_1_298' title='bbox 596 3705 748 3786; x_wconf 89' lang='lat' dir='ltr'><strong>probabile</strong></span> <span class='ocrx_word' id='word_1_299' title='bbox 778 3713 838 3782; x_wconf 86' lang='lat' dir='ltr'><strong>est,</strong></span> <span class='ocrx_word' id='word_1_300' title='bbox 866 3713 897 3769; x_wconf 90' lang='lat' dir='ltr'><strong>et</strong></span> <span class='ocrx_word' id='word_1_301' title='bbox 924 3707 1131 3788; x_wconf 86' lang='lat' dir='ltr'><strong>comprobatur</strong></span> <span class='ocrx_word' id='word_1_302' title='bbox 1155 3727 1209 3789; x_wconf 91' lang='lat' dir='ltr'><strong>per</strong></span> <span class='ocrx_word' id='word_1_303' title='bbox 1231 3726 1299 3770; x_wconf 82' lang='lat' dir='ltr'><strong>euin</strong></span> 
     </span>
     <span class='ocr_line' id='line_1_33' title="bbox 68 3815 1072 3898; baseline 0.001 -20"><span class='ocrx_word' id='word_1_304' title='bbox 68 3817 180 3898; x_wconf 89' lang='lat' dir='ltr'><strong>ipsum,</strong></span> <span class='ocrx_word' id='word_1_305' title='bbox 203 3815 351 3896; x_wconf 83' lang='lat' dir='ltr'><strong>adquam</strong></span> <span class='ocrx_word' id='word_1_306' title='bbox 373 3815 431 3878; x_wconf 92' lang='lat' dir='ltr'><strong>iam</strong></span> <span class='ocrx_word' id='word_1_307' title='bbox 451 3815 664 3878; x_wconf 89' lang='lat' dir='ltr'><strong>transeundum</strong></span> <span class='ocrx_word' id='word_1_308' title='bbox 685 3823 747 3897; x_wconf 91' lang='lat' dir='ltr'><strong>est,</strong></span> <span class='ocrx_word' id='word_1_309' title='bbox 774 3834 907 3879; x_wconf 88' lang='lat' dir='ltr'><strong>summae</strong></span> <span class='ocrx_word' id='word_1_310' title='bbox 929 3816 1072 3880; x_wconf 88' lang='lat' dir='ltr'><strong>codicem.</strong></span> 
     </span>
    </p>
   </div>
   <div class='ocr_carea' id='block_1_3' title="bbox 100 4159 1300 4666">
    <p class='ocr_par' dir='ltr' id='par_1_3' title="bbox 100 4159 1300 4574">
     <span class='ocr_line' id='line_1_34' title="bbox 100 4159 1297 4230; baseline 0.004 -19"><span class='ocrx_word' id='word_1_311' title='bbox 100 4159 135 4225; x_wconf 78' lang='lat'><strong>⁶³)</strong></span> <span class='ocrx_word' id='word_1_312' title='bbox 153 4159 237 4212; x_wconf 81' lang='lat' dir='ltr'><strong>Teste</strong></span> <span class='ocrx_word' id='word_1_313' title='bbox 263 4160 318 4212; x_wconf 89' lang='lat' dir='ltr'><strong>fllio</strong></span> <span class='ocrx_word' id='word_1_314' title='bbox 341 4160 405 4213; x_wconf 91' lang='lat' dir='ltr'><strong>inde</strong></span> <span class='ocrx_word' id='word_1_315' title='bbox 430 4177 444 4214; x_wconf 89' lang='lat' dir='ltr'><strong>a</strong></span> <span class='ocrx_word' id='word_1_316' title='bbox 467 4163 506 4214; x_wconf 86' lang='lat' dir='ltr'><strong>tit.</strong></span> <span class='ocrx_word' id='word_1_317' title='bbox 526 4162 558 4215; x_wconf 91' lang='lat' dir='ltr'><strong>de</strong></span> <span class='ocrx_word' id='word_1_318' title='bbox 583 4163 673 4230; x_wconf 86' lang='lat' dir='ltr'><strong>pecul.</strong></span> <span class='ocrx_word' id='word_1_319' title='bbox 697 4162 832 4230; x_wconf 62' lang='lat' dir='ltr'><strong>clericos,</strong></span> <span class='ocrx_word' id='word_1_320' title='bbox 861 4163 907 4230; x_wconf 89' lang='lat' dir='ltr'><strong>qui</strong></span> <span class='ocrx_word' id='word_1_321' title='bbox 930 4169 957 4214; x_wconf 87' lang='lat' dir='ltr'><strong>et</strong></span> <span class='ocrx_word' id='word_1_322' title='bbox 981 4163 1039 4230; x_wconf 88' lang='lat' dir='ltr'><strong>ipse</strong></span> <span class='ocrx_word' id='word_1_323' title='bbox 1065 4179 1119 4216; x_wconf 90' lang='lat' dir='ltr'><strong>non</strong></span> <span class='ocrx_word' id='word_1_324' title='bbox 1144 4163 1225 4217; x_wconf 85' lang='lat' dir='ltr'><strong>babet</strong></span> <span class='ocrx_word' id='word_1_325' title='bbox 1245 4166 1297 4218; x_wconf 87' lang='lat' dir='ltr'><strong>nisi</strong></span> 
     </span>
     <span class='ocr_line' id='line_1_35' title="bbox 152 4247 1298 4314; baseline 0.003 -14"><span class='ocrx_word' id='word_1_326' title='bbox 152 4263 236 4300; x_wconf 89' lang='lat' dir='ltr'><strong>uuam</strong></span> <span class='ocrx_word' id='word_1_327' title='bbox 255 4247 390 4314; x_wconf 84' lang='lat' dir='ltr'><strong>notulam,</strong></span> <span class='ocrx_word' id='word_1_328' title='bbox 415 4250 492 4301; x_wconf 88' lang='lat' dir='ltr'><strong>unice</strong></span> <span class='ocrx_word' id='word_1_329' title='bbox 511 4249 544 4301; x_wconf 88' lang='lat' dir='ltr'><strong>ad</strong></span> <span class='ocrx_word' id='word_1_330' title='bbox 566 4251 604 4302; x_wconf 88' lang='lat' dir='ltr'><strong>tit.</strong></span> <span class='ocrx_word' id='word_1_331' title='bbox 624 4250 657 4301; x_wconf 91' lang='lat' dir='ltr'><strong>de</strong></span> <span class='ocrx_word' id='word_1_332' title='bbox 676 4249 816 4302; x_wconf 84' lang='lat' dir='ltr'><strong>haereticis</strong></span> <span class='ocrx_word' id='word_1_333' title='bbox 836 4249 883 4312; x_wconf 84' lang='lat' dir='ltr'><strong>(V.</strong></span> <span class='ocrx_word' id='word_1_334' title='bbox 893 4249 922 4314; x_wconf 81' lang='lat'><strong>5)</strong></span> <span class='ocrx_word' id='word_1_335' title='bbox 947 4250 1080 4302; x_wconf 89' lang='lat' dir='ltr'><strong>eiusmodi</strong></span> <span class='ocrx_word' id='word_1_336' title='bbox 1099 4253 1213 4302; x_wconf 84' lang='lat' dir='ltr'><strong>occurrit</strong></span> <span class='ocrx_word' id='word_1_337' title='bbox 1231 4267 1298 4303; x_wconf 87' lang='lat' dir='ltr'><strong>mar-</strong></span> 
     </span>
     <span class='ocr_line' id='line_1_36' title="bbox 152 4333 1297 4404; baseline 0.003 -19"><span class='ocrx_word' id='word_1_338' title='bbox 152 4335 259 4401; x_wconf 82' lang='lat' dir='ltr'><strong>ginale,</strong></span> <span class='ocrx_word' id='word_1_339' title='bbox 284 4333 357 4400; x_wconf 85' lang='lat' dir='ltr'><strong>quod</strong></span> <span class='ocrx_word' id='word_1_340' title='bbox 377 4349 411 4386; x_wconf 86' lang='lat' dir='ltr'><strong>an</strong></span> <span class='ocrx_word' id='word_1_341' title='bbox 431 4351 478 4402; x_wconf 91' lang='lat' dir='ltr'><strong>pro</strong></span> <span class='ocrx_word' id='word_1_342' title='bbox 497 4335 660 4402; x_wconf 82' lang='lat' dir='ltr'><strong>glossemate</strong></span> <span class='ocrx_word' id='word_1_343' title='bbox 680 4337 715 4388; x_wconf 89' lang='lat' dir='ltr'><strong>sit</strong></span> <span class='ocrx_word' id='word_1_344' title='bbox 739 4335 909 4404; x_wconf 84' lang='lat' dir='ltr'><strong>habendum,</strong></span> <span class='ocrx_word' id='word_1_345' title='bbox 933 4335 980 4388; x_wconf 86' lang='lat' dir='ltr'><strong>ille</strong></span> <span class='ocrx_word' id='word_1_346' title='bbox 1007 4353 1039 4403; x_wconf 89' lang='lat' dir='ltr'><strong>eo</strong></span> <span class='ocrx_word' id='word_1_347' title='bbox 1064 4337 1162 4389; x_wconf 91' lang='lat' dir='ltr'><strong>iustius</strong></span> <span class='ocrx_word' id='word_1_348' title='bbox 1187 4337 1297 4390; x_wconf 88' lang='lat' dir='ltr'><strong>addubi-</strong></span> 
     </span>
     <span class='ocr_line' id='line_1_37' title="bbox 152 4421 1300 4490; baseline 0.001 -18"><span class='ocrx_word' id='word_1_349' title='bbox 152 4422 232 4485; x_wconf 89' lang='lat' dir='ltr'><strong>tavit,</strong></span> <span class='ocrx_word' id='word_1_350' title='bbox 259 4422 322 4486; x_wconf 87' lang='lat' dir='ltr'><strong>quia</strong></span> <span class='ocrx_word' id='word_1_351' title='bbox 344 4421 399 4473; x_wconf 88' lang='lat' dir='ltr'><strong>lere</strong></span> <span class='ocrx_word' id='word_1_352' title='bbox 418 4421 530 4488; x_wconf 86' lang='lat' dir='ltr'><strong>iisdem,</strong></span> <span class='ocrx_word' id='word_1_353' title='bbox 555 4423 655 4488; x_wconf 87' lang='lat' dir='ltr'><strong>quibus</strong></span> <span class='ocrx_word' id='word_1_354' title='bbox 680 4424 738 4489; x_wconf 92' lang='lat' dir='ltr'><strong>ipse</strong></span> <span class='ocrx_word' id='word_1_355' title='bbox 759 4423 928 4489; x_wconf 87' lang='lat' dir='ltr'><strong>Beruardus,</strong></span> <span class='ocrx_word' id='word_1_356' title='bbox 952 4423 1042 4476; x_wconf 85' lang='lat' dir='ltr'><strong>verbis</strong></span> <span class='ocrx_word' id='word_1_357' title='bbox 1069 4425 1191 4490; x_wconf 85' lang='lat' dir='ltr'><strong>exponit:</strong></span> <span class='ocrx_word' id='word_1_358' title='bbox 1218 4425 1300 4488; x_wconf 74' lang='lat' dir='ltr'><strong>„qood</strong></span> 
     </span>
     <span class='ocr_line' id='line_1_38' title="bbox 152 4505 1211 4574; baseline 0.001 -17"><span class='ocrx_word' id='word_1_359' title='bbox 152 4505 390 4557; x_wconf 59' lang='lat' dir='ltr'><strong>mecoenatiana</strong></span> <span class='ocrx_word' id='word_1_360' title='bbox 407 4507 482 4557; x_wconf 67' lang='lat' dir='ltr'><strong>vuidis</strong></span> <span class='ocrx_word' id='word_1_361' title='bbox 498 4507 681 4574; x_wconf 75' lang='lat' dir='ltr'><strong>modis5pra&#39;mo</strong></span> <span class='ocrx_word' id='word_1_362' title='bbox 699 4509 768 4558; x_wconf 86' lang='lat' dir='ltr'><strong>modo</strong></span> <span class='ocrx_word' id='word_1_363' title='bbox 786 4509 873 4560; x_wconf 78' lang='lat' dir='ltr'><strong>diciatr</strong></span> <span class='ocrx_word' id='word_1_364' title='bbox 890 4509 920 4558; x_wconf 87' lang='lat' dir='ltr'><strong>de</strong></span> <span class='ocrx_word' id='word_1_365' title='bbox 938 4525 979 4572; x_wconf 82' lang='lat' dir='ltr'><strong>ep,</strong></span> <span class='ocrx_word' id='word_1_366' title='bbox 999 4509 1133 4574; x_wconf 80' lang='lat' dir='ltr'><strong>quicunque</strong></span> <span class='ocrx_word' id='word_1_367' title='bbox 1151 4511 1211 4561; x_wconf 53' lang='lat' dir='ltr'><strong>etc!</strong></span> 
     </span>
    </p>

    <p class='ocr_par' dir='ltr' id='par_1_4' title="bbox 103 4591 1298 4666">
     <span class='ocr_line' id='line_1_39' title="bbox 103 4591 1298 4666; baseline 0.008 -21"><span class='ocrx_word' id='word_1_368' title='bbox 103 4591 138 4658; x_wconf 81' lang='lat'><strong>⁵⁴)</strong></span> <span class='ocrx_word' id='word_1_369' title='bbox 157 4591 241 4646; x_wconf 87' lang='lat' dir='ltr'><strong>Plura</strong></span> <span class='ocrx_word' id='word_1_370' title='bbox 259 4599 348 4646; x_wconf 86' lang='lat' dir='ltr'><strong>extant</strong></span> <span class='ocrx_word' id='word_1_371' title='bbox 365 4593 447 4646; x_wconf 91' lang='lat' dir='ltr'><strong>huius</strong></span> <span class='ocrx_word' id='word_1_372' title='bbox 466 4596 535 4648; x_wconf 88' lang='lat' dir='ltr'><strong>initii</strong></span> <span class='ocrx_word' id='word_1_373' title='bbox 548 4597 664 4664; x_wconf 86' lang='lat' dir='ltr'><strong>capitula</strong></span> <span class='ocrx_word' id='word_1_374' title='bbox 675 4597 703 4648; x_wconf 92' lang='lat' dir='ltr'><strong>in</strong></span> <span class='ocrx_word' id='word_1_375' title='bbox 716 4594 811 4663; x_wconf 85' lang='lat' dir='ltr'><strong>Oomp.</strong></span> <span class='ocrx_word' id='word_1_376' title='bbox 820 4595 855 4665; x_wconf 92' lang='lat' dir='ltr'><strong>ll,</strong></span> <span class='ocrx_word' id='word_1_377' title='bbox 870 4597 928 4649; x_wconf 89' lang='lat' dir='ltr'><strong>soil.</strong></span> <span class='ocrx_word' id='word_1_378' title='bbox 939 4595 989 4651; x_wconf 86' lang='lat' dir='ltr'><strong>o.2</strong></span> <span class='ocrx_word' id='word_1_379' title='bbox 1001 4597 1034 4650; x_wconf 88' lang='lat' dir='ltr'><strong>de</strong></span> <span class='ocrx_word' id='word_1_380' title='bbox 1047 4599 1104 4650; x_wconf 89' lang='lat' dir='ltr'><strong>iure</strong></span> <span class='ocrx_word' id='word_1_381' title='bbox 1117 4605 1229 4666; x_wconf 85' lang='lat' dir='ltr'><strong>patron,</strong></span> <span class='ocrx_word' id='word_1_382' title='bbox 1247 4597 1298 4655; x_wconf 81' lang='lat' dir='ltr'><strong>cd</strong></span> 
     </span>
    </p>
   </div>
   <div class='ocr_carea' id='block_1_4' title="bbox 0 0 1554 5184">
    <p class='ocr_par' dir='ltr' id='par_1_5' title="bbox 0 0 1554 5184">
     <span class='ocr_line' id='line_1_40' title="bbox 0 0 1554 5184; baseline 0 0"><span class='ocrx_word' id='word_1_383' title='bbox 0 0 1554 5184; x_wconf 95' lang='lat' dir='ltr'><strong> </strong></span> 
     </span>
    </p>
   </div>
  </div>
 </body>
</html>
