3074 5184
276 189 315 260 66
549 195 743 261 annuatur
777 199 912 263 sunus
944 199 1231 264 onenaramult.

563 690 793 808 LIBER
827 690 1148 812 TERTIUS
1163 696 1205 808 ¹).

781 975 952 1062 urnulas
979 977 1005 1062 r.

481 1147 528 1208 lic
565 1148 653 1210 vita
688 1153 727 1209 ct
764 1149 988 1250 honqrtato
1026 1149 1287 1209 elericorum.

352 1318 431 1386 Post
460 1331 628 1387 tractatum
656 1323 845 1389 iudiciorum
860 1327 884 1408 ²)
914 1324 1026 1390 merito
1055 1323 1215 1410 agendum
1243 1333 1290 1388 est
1318 1321 1359 1386 da
1390 1322 1458 1386 vita
1476 1329 1501 1384 et

267 1428 431 1496 honestate
460 1432 662 1509 clericorum;
691 1432 781 1498 finita
807 1434 922 1499 etenim
944 1456 1054 1520 pugna
1075 1433 1247 1518 litigiorum
1268 1433 1332 1496 iam
1356 1432 1398 1498 ad
1421 1430 1500 1516 paci-

267 1538 362 1604 ficum
389 1549 507 1606 statum
535 1543 701 1608 redeuntes
717 1545 760 1626 3),
790 1543 924 1628 qualiter
952 1542 1088 1607 debeant
1115 1541 1240 1619 vivere,
1270 1540 1434 1626 sapientes
1459 1539 1499 1602 in·

267 1648 395 1732 quirunt
408 1649 444 1732 4).
489 1649 579 1717 Sicut
601 1662 707 1716 autem
722 1653 745 1735 ⁵)
770 1651 921 1718 annulum
943 1675 1071 1739 gemma
1092 1650 1196 1715 reddit
1209 1651 1384 1735 pretiosum
1397 1651 1440 1732 6),
1462 1649 1498 1712 sic

267 1756 418 1823 clericum
447 1758 532 1826 bona
559 1761 637 1826 facit
651 1764 675 1844 7)
705 1761 771 1825 vita
797 1763 986 1848 gratiosum,
1016 1773 1047 1827 et
1075 1762 1156 1826 sicut
1184 1759 1282 1826 solem
1310 1759 1465 1824 clarificat
1477 1759 1496 1840 Β)

269 1867 390 1953 puritas
422 1870 609 1949 serenitatis,
642 1871 687 1935 sic
720 1871 868 1938 clericum
905 1869 1106 1936 commendat
1137 1869 1244 1935 radius
1262 1872 1286 1953 9)
1320 1867 1496 1934 honestatis.

266 1975 350 2041 Nam
371 1983 416 2061 ¹⁰)
439 1979 527 2044 velut
548 1979 622 2045 solis
645 1979 770 2046 claritas
791 1979 876 2047 nube
898 1983 1060 2048 interiecta
1081 1979 1266 2046 obfuscatur
1284 1982 1349 2062 ¹¹),
1375 1979 1423 2043 sio
1444 1977 1496 2041 cle

266 2085 323 2150 rici
345 2086 482 2172 dignitas
503 2091 549 2170 Η)
572 2111 710 2154 noverca
730 2095 776 2173 ¹⁸)
803 2091 1002 2156 inhonestate
1029 2091 1180 2176 nigratur.
1229 2087 1315 2154 Ecce
1343 2086 1495 2174 quomodo

266 2217 378 2258 aurum
400 2195 587 2262 obscuratur
615 2208 647 2264 et
674 2199 761 2265 color
790 2201 926 2288 optimus
955 2201 1148 2265 immutatur.
1190 2197 1366 2265 Videamus
1398 2198 1494 2283 igitur,

265 2303 401 2388 qualiter
420 2309 466 2389 ¹⁴)
499 2305 605 2372 clerici
634 2309 740 2375 vivere
773 2309 909 2376 debeant
928 2315 995 2392 Η),
1028 2319 1059 2376 et
1085 2309 1118 2374 in
1147 2307 1262 2395 quibus
1292 2330 1406 2374 eorum
1428 2329 1493 2373 con·

265 2413 356 2480 sistat
376 2417 424 2498 ¹⁸)
448 2414 606 2482 honestas.

351 2527 414 2602 §t
444 2523 551 2590 Debet
566 2536 671 2593 autem
692 2529 725 2594 in
747 2528 921 2616 collegiatis
943 2528 1084 2595 aeclesiis
1105 2551 1214 2594 eorum
1235 2550 1304 2594 esse
1326 2527 1396 2592 vita
1418 2548 1492 2592 ccm-

186 2641 196 2652 '
264 2632 385 2710 munis,
407 2641 443 2697 ut
464 2634 548 2700 infra
569 2657 596 2701 c.
619 2637 675 2702 ult.
699 2637 769 2720 (Gr.
785 2661 811 2704 c.
827 2642 856 2707 9.
878 2637 939 2703 ΙΠ.
958 2642 997 2721 1.)
1020 2675 1062 2686 -
1104 2641 1167 2718 §2-
1188 2637 1296 2702 Debet
1316 2637 1416 2702 etiam
1437 2635 1492 2700 vita

266 2741 451 2806 clericorum
472 2743 567 2831 longe
588 2747 699 2812 melior
713 2751 760 2831 Η)
787 2770 856 2814 esse
878 2741 974 2834 quam
997 2749 1062 2813 vita
1081 2747 1243 2826 laicorum,
1264 2755 1300 2811 ut
1315 2745 1353 2812 O.
1370 2745 1399 2810 I.
1416 2745 1488 2830 qul
1515 2763 1516 2811 t

268 2859 436 2918 Vilissimae
452 2855 550 2938 (elo)
567 2864 599 2921 et
614 2855 651 2923 C.
664 2855 709 2921 H.
725 2862 899 2942 qu.'lSicut
911 2862 1075 2923 sacerdotes
1091 2859 1180 2940 (0.6).
1191 2893 1233 2905 -
1267 2857 1322 2935 §3-
1337 2855 1490 2920 Honestas

263 2971 369 3028 autem
391 2961 576 3030 clericorum
596 2965 630 3030 in
651 2965 700 3032 his
719 2971 766 3051 ¹⁸)
788 2968 958 3054 praecipue
980 2967 1122 3032 consistit
1141 2971 1205 3049 Η);
1228 2975 1358 3032 tonsura
1376 2963 1488 3050 capitis,
1514 3037 1515 3040 Ἴ

263 3083 351 3138 motu
373 3074 528 3160 corporis,
550 3075 676 3155 habitu,
699 3078 865 3156 societate,
887 3075 1059 3142 mansione.
1092 3075 1238 3142 Tonsura
1257 3080 1324 3157 ιο),
1347 3075 1426 3159 quia
1445 3093 1487 3136 co

263 3207 349 3248 mam
371 3193 402 3248 et
422 3183 555 3250 barbam
576 3185 734 3272 deponere
756 3186 880 3266 debent,
902 3196 938 3252 ut
953 3186 1037 3252 infra
1058 3185 1126 3251 eod.
1144 3190 1180 3250 st
1194 3193 1259 3268 quis
1282 3188 1320 3266 (o.
1344 3186 1384 3262 3;
1401 3221 1420 3234 -
1441 3181 1487 3247 Gr.

336 3447 382 3500 Tit.
404 3449 427 3502 1.
457 3477 487 3486 -
532 3449 553 3511 ¹)
578 3448 673 3515 Neque
698 3451 830 3502 rubricam
855 3451 964 3505 exbibet
988 3449 1041 3501 Pa.
1067 3465 1154 3513 neque
1180 3449 1266 3499 maius
1299 3448 1433 3500 miniateri
1457 3461 1486 3495 re·

264 3519 344 3585 liquit
362 3522 475 3586 spatium
497 3521 600 3572 rubrica
619 3519 789 3585 explendum,
809 3523 845 3571 ita
862 3527 892 3571 ut
911 3519 970 3573 Lib.
989 3520 1081 3572 tertius
1101 3534 1116 3569 a
1134 3517 1252 3570 seeundo
1271 3518 1365 3568 maiori
1384 3525 1486 3568 tantum·

263 3587 342 3638 modo
362 3589 456 3640 initiali
485 3592 648 3654 seiungatur.
692 3586 794 3640 Ceteris
814 3588 954 3654 inOodd.‚
979 3587 1069 3642 Mas
1088 3594 1213 3653 excepto,
1233 3588 1278 3652 qui
1299 3587 1408 3638 nonnisi
1429 3581 1485 3636 tituli

264 3658 395 3710 rubricam
422 3658 546 3723 exhibet,
573 3657 683 3722 legitur:
720 3656 811 3723 Incipit
837 3658 896 3708 liber
924 3658 1006 3708 tertias
1029 3656 1058 3706 dc
1085 3656 1134 3706 uita
1159 3665 1201 3707 etc.
1278 3653 1301 3716 ²)
1319 3653 1429 3707 Desunt
1445 3653 1485 3704 ista

262 3726 345 3777 verba
363 3729 390 3778 in
410 3725 472 3778 Μο.
486 3727 513 3792 2,
532 3743 592 3779 curn
612 3727 735 3778 miniator
753 3745 784 3778 ea
802 3728 912 3779 lacunae
931 3730 984 3794 ipsi
1003 3743 1018 3778 a
1036 3727 1144 3778 librario
1164 3725 1270 3777 relictae
1288 3740 1320 3776 ex
1345 3719 1485 3789 marginali·

262 3795 314 3846 bus
335 3796 481 3860 neglexerit
499 3799 665 3849 interserere.
719 3795 743 3858 8)
762 3795 856 3852 Μο.3
875 3795 1018 3846 redeundum
1037 3804 1078 3846 eat.
1131 3793 1154 3855 4)
1174 3792 1220 3846 Sic
1238 3791 1306 3860 Ha,
1325 3790 1388 3844 Mo.
1409 3789 1486 3847 ΗΘ)

263 3861 331 3924 Pa·;
356 3862 403 3914 Li.
424 3881 484 3916 eum
504 3863 596 3919 Μο.3
620 3871 646 3916 et
671 3863 721 3917 Vi.
746 3865 866 3930 sapienter
890 3866 1033 3930 inquiratur.
1087 3863 1110 3924 5)
1132 3863 1187 3915 Ha.
1208 3869 1234 3915 et
1251 3861 1305 3914 Pa.
1325 3862 1422 3924 etenim,
1446 3855 1483 3911 sed

264 3947 326 3983 meo
351 3932 460 3998 quidem
486 3935 584 3987 iudicio
608 3935 698 3986 minus
724 3936 803 3986 bene.
865 3933 888 3998 ο)
907 3934 959 3986 Pa.
981 3933 1135 4000 preciosum.
1196 3931 1220 3993 7)
1238 3929 1295 3982 Ha.
1322 3930 1484 3983 omittitboua

263 3999 398 4067 habetque
416 4002 500 4053 reddit.
555 4003 578 4058 Β)
597 4001 645 4054 Vi.
659 4002 791 4068 pacificum
819 4002 1028 4060 Mo.30mittit
1052 4001 1136 4064 solem,
1164 4003 1209 4067 qui
1229 4017 1290 4052 mox
1309 4003 1348 4054 sic
1368 4001 1451 4066 pergit
1467 4002 1485 4042 et

261 4069 397 4119 sieutaolia
420 4071 519 4122 claritas
537 4084 579 4122 etc.
639 4069 662 4128 9)
683 4073 730 4124 Li.
749 4073 837 4124 rarius.
901 4073 934 4137 Ιο)
953 4071 1007 4124 Pa.
1025 4073 1080 4122 ium.
1145 4071 1178 4134 ¹¹)
1199 4069 1247 4120 Li.
1286 4067 1382 4124 Μο.2
1401 4063 1481 4122 etVi·

256 4139 379 4204 fuscatur.
434 4140 466 4200 η)
485 4141 538 4198 Pa.
557 4142 690 4205 integritus.
779 4142 811 4204 13)
831 4141 916 4194 Codd.
936 4159 1030 4194 omnes
1047 4136 1137 4203 norica,
1157 4147 1201 4192 aut
1218 4155 1325 4200 nouaca5
1348 4141 1390 4192 cui
1412 4135 1482 4189 verbo

262 4225 295 4260 au
322 4211 383 4275 quis
409 4209 495 4261 valeat
519 4213 619 4262 iustum
640 4209 774 4262 vindicare
793 4227 920 4276 sensum,
944 4212 989 4264 vel
1016 4211 1089 4263 aliud
1115 4227 1147 4262 ex
1171 4211 1323 4261 coniectura
1345 4207 1413 4259 velit
1430 4205 1481 4258 sub-

262 4280 371 4330 stituere
392 4279 515 4341 verbum,
534 4278 659 4346 equidem
680 4295 733 4330 non
757 4296 869 4348 curans,
888 4283 915 4332 in
935 4281 1070 4333 reddenda
1093 4279 1199 4332 substiti
1219 4278 1347 4330 librorum
1366 4274 1435 4329 Mac.
1453 4273 1480 4323 le·

260 4348 356 4398 ctione.
423 4345 455 4409 ¹⁴)
474 4345 530 4398 Ha.
551 4357 576 4399 et
597 4346 648 4398 Pa.
669 4363 715 4412 quo
734 4348 809 4400 modo.
877 4350 910 4412 ¹⁵)
931 4347 1037 4402 Omittit
1055 4348 1114 4400 Ha.
1179 4345 1211 4408 ¹⁸)
1230 4344 1294 4410 Li,
1318 4345 1376 4398 Ha.
1396 4353 1420 4397 et
1437 4341 1479 4392 Pa·

261 4415 374 4478 consistit,
393 4431 507 4482 quorum
527 4417 639 4468 ultimus
659 4426 684 4468 et
708 4416 792 4466 debent
808 4435 856 4484 pro
875 4419 977 4468 debcant
996 4419 1085 4470 habet.
1142 4416 1175 4480 Η)
1194 4413 1256 4466 Μο.
1272 4415 1289 4470 3
1307 4418 1405 4467 omittit
1421 4412 1479 4462 etrtza

261 4495 287 4535 et
306 4501 371 4547 mm
388 4487 415 4537 in
435 4484 484 4536 Vi.
505 4503 553 4552 pro
571 4485 642 4535 etiam
661 4485 759 4552 legitur
775 4496 860 4550 auum,
882 4494 908 4539 et
925 4487 997 4537 multo
1016 4504 1063 4554 pro
1082 4485 1159 4552 lonye.
1209 4484 1242 4547 Ιθ)
1261 4483 1309 4534 Li.
1323 4483 1396 4536 addit
1413 4483 1478 4531 stica

262 4550 350 4615 1’)Ιῐι
377 4555 470 4607 eodem
500 4557 670 4608 intersertum
694 4555 818 4608 videmus
843 4555 894 4608 acii.
958 4556 992 4621 20)
1011 4555 1105 4612 Μο.3
1124 4554 1197 4608 addit
1220 4553 1313 4619 capitia.
1381 4552 1414 4616 ²¹)
1434 4549 1477 4600 Pa.
