3098 5184
257 220 383 278 valtt
735 217 1008 276 PRAEFATIO

257 397 426 478 nuperrime
454 396 604 458 iuventam
632 410 701 458 esse
730 393 879 458 aCelehae
892 395 1129 478 hunnile,
1156 415 1243 479 quarn
1272 400 1418 468 Bernardi
1439 405 1488 468 Pa·

256 507 367 587 piensis
382 523 450 570 esse
464 507 522 568 iarn
538 512 623 566 antea
639 463 801 566 confuerit
822 507 866 568 air
883 505 933 568 ille
955 507 992 570 de
1006 509 1078 572 iuris
1093 510 1227 572 canonici
1242 509 1348 575 litteris
1365 516 1489 578 meritis—

255 617 363 695 simus,
393 633 471 678 nunc
499 632 570 678 vero
598 634 637 677 ex
664 611 728 678 eius
754 615 836 678 initio
864 615 901 677 ah
929 617 993 696 ipso
1018 616 1170 680 Bernardo
1197 619 1290 682 relatu
1319 623 1490 704 plenissima

255 726 332 790 adsit
361 725 503 807 probatio.
546 724 719 805 Eodemque
750 724 814 788 lere
844 733 977 806 tempore
1006 727 1342 812 carcharorum,
1374 732 1491 800 Parisiis

255 837 370 917 degens
392 835 632 916 publicarumque
655 834 731 896 illius
752 833 833 898 urhis
855 834 1098 900 bibliothecarum
1118 837 1205 901 huius
1226 842 1349 921 generis
1372 843 1490 908 thesau-

254 963 305 1008 ros
329 952 537 1026 perscrutatus,
558 953 712 1025 utramque
733 944 909 1007 summulam
924 946 1035 1008 inuenit
1049 946 1086 1008 ad
1101 947 1214 1010 calcem
1228 950 1366 1030 antiquae
1382 951 1489 1016 decre-

256 1054 355 1118 talium
370 1054 553 1118 collectionis
572 1054 724 1118 Breviario
745 1057 910 1135 anterioris,
937 1073 1024 1136 qnam
1044 1056 1116 1118 Cod.
1128 1056 1176 1120 lat.
1195 1057 1344 1126 ltr.1566
1363 1062 1488 1126 membr.

256 1163 317 1227 Fol.
341 1165 479 1228 continet.
510 1164 615 1246 Neque
631 1165 741 1226 invenit
755 1171 864 1226 tantum
880 1173 909 1227 et
931 1164 1096 1247 descripsit,
1118 1166 1234 1246 sedet,
1257 1187 1296 1232 ex
1317 1188 1388 1252 quo,
1412 1189 1489 1253 quae

257 1294 324 1338 mea
344 1276 402 1340 sint
424 1273 546 1338 consilia
572 1274 609 1338 de
629 1273 809 1336 Bernardina
831 1292 944 1338 summa
969 1274 1109 1339 obliuioni
1131 1278 1297 1359 eripienda,
1323 1280 1490 1344 mediatore

257 1392 442 1467 compererat
468 1384 519 1448 illo
547 1384 611 1446 viro
639 1385 748 1466 optimo
780 1392 868 1466 atque
899 1384 1166 1466 excellentissimo,
1199 1405 1288 1469 quern
1316 1408 1414 1471 aequa
1436 1411 1489 1454 ve-

256 1496 409 1558 neratione
431 1493 651 1575 amplectimur,
679 1501 781 1556 nostro
809 1495 999 1576 omniumque
1021 1497 1193 1560 nostratium
1212 1497 1351 1580 sanna,
1380 1503 1489 1564 utrius

256 1603 314 1686 qua
336 1604 432 1668 statim
454 1602 617 1668 summulae
639 1602 819 1683 exemplaria
842 1623 958 1668 mecurn
980 1603 1185 1668 liberalissime
1207 1627 1244 1670 ea
1264 1627 1322 1672 una
1344 1610 1488 1692 sublege

255 1714 496 1792 communicavit,
518 1721 550 1776 ut
570 1714 650 1794 ipsis,
673 1721 757 1795 prout
778 1713 849 1776 mihi
869 1714 994 1795 libuerit,
1026 1716 1064 1779 ad
1085 1717 1205 1780 maioris
1226 1737 1358 1785 summae
1380 1721 1488 1786 editio·

255 1843 323 1888 nem
346 1823 450 1888 melius
472 1821 672 1887 adornandam
695 1823 866 1903 plenissimo
887 1833 988 1888 uterer
1008 1828 1081 1888 iure.
1119 1827 1182 1900 Qua
1197 1834 1342 1908 potestate
1361 1848 1400 1892 au
1417 1831 1489 1892 rnihi

254 1934 394 2000 utendum
416 1941 495 1998 esset
518 1941 606 2015 atque
629 1933 793 1996 cedendum
816 1934 871 1996 viri
886 1935 1028 2000 carissimi
1049 1936 1315 2014 adhortationibus,
1343 1939 1488 2020 aliquam·

255 2045 304 2108 diu
326 2044 363 2108 de
384 2043 475 2106 altera
499 2042 660 2124 summula,
682 2043 747 2106 scil.
771 2044 989 2125 matrimoniali,
1012 2045 1096 2110 haesi
1117 2046 1232 2126 dubius,
1255 2054 1355 2129 utpote
1377 2054 1489 2114 certior

258 2153 366 2228 iactus,
398 2171 482 2231 eum,
512 2154 561 2233 qni
583 2171 631 2214 me
652 2154 734 2233 prior
754 2152 840 2215 huius
861 2155 1086 2234 scriptiunculae
1108 2156 1185 2220 haud
1207 2159 1325 2238 quidem
1347 2161 1491 2240 notitiam,

254 2261 308 2326 sed
331 2263 531 2344 cognitionem
551 2263 673 2344 adeptus
695 2261 791 2341 fuerit,
813 2263 871 2326 iarn
893 2263 1027 2328 meditari
1046 2266 1206 2346 specialem
1223 2268 1286 2332 eius
1301 2267 1488 2352 aliorumque

254 2373 343 2436 medii
371 2373 437 2436 aevi
465 2371 646 2452 scholaeque
675 2371 872 2454 glossatoriae
893 2375 1070 2456 scriptorum
1093 2376 1197 2440 adius
1219 2379 1395 2444 matrimonii
1418 2397 1487 2460 spe·

254 2484 393 2548 olantiurn
415 2481 583 2546 editionem.
627 2482 717 2546 Huius
746 2501 819 2546 vero
846 2479 1032 2548 adornandae
1055 2485 1110 2558 alia
1132 2495 1161 2550 et
1184 2505 1254 2552 esse
1275 2487 1396 2552 debebit
1418 2493 1489 2553 erit-

253 2611 311 2675 que
339 2594 412 2658 ratio
442 2611 478 2656 ac
507 2592 678 2672 methodus,
709 2611 795 2674 quarn
822 2593 913 2658 libelli
940 2595 999 2656 mci
1027 2595 1122 2658 solum
1151 2597 1235 2660 istius
1257 2597 1487 2678 scriptiunculae

252 2710 420 2766 contextum
443 2705 611 2784 appendicis
633 2703 699 2766 loco
722 2703 888 2784 exhibituri,
910 2721 1075 2786 omnesque
1096 2703 1292 2770 dubitationes
1308 2715 1396 2789 atque
1412 2708 1486 2772 hae-

253 2813 420 2892 sitationes,
448 2813 637 2880 suadentibus
660 2813 738 2889 aliis,
769 2831 805 2876 ea
828 2813 945 2876 tandem
968 2814 1036 2878 vicit
1057 2815 1271 2897 consideratio,
1302 2817 1372 2880 vitio
1392 2825 1485 2901 atque

252 2924 456 3003 vituperationi
477 2922 554 2986 haud
575 2924 678 2986 iniuria
701 2921 771 2986 mihi
793 2941 912 2986 versum
933 2924 979 3004 iri,
1001 2925 1031 2986 ui
1053 2923 1169 2990 libellus
1190 2934 1293 2990 noster
1313 2927 1413 2990 omnia
1431 2928 1485 2992 Pa-

252 3034 363 3114 piensis
384 3033 491 3114 scripta
511 3051 589 3096 nuno
609 3033 758 3114 inopinato
780 3051 819 3095 es
840 3031 1082 3096 bibliothecarum
1104 3035 1223 3100 latebris
1245 3036 1282 3100 ad
1303 3035 1400 3100 luceru
1416 3057 1487 3120 pro-

252 3143 338 3208 ducta
359 3161 419 3206 uno
440 3142 495 3206 sub
518 3143 619 3206 obtutu
640 3143 771 3224 posuerit
791 3149 859 3206 ante
881 3142 983 3206 oculos
1006 3143 1159 3208 lectorum.
1196 3147 1297 3229 ltaque
1318 3148 1485 3212 summulae

252 3252 289 3316 de
312 3252 459 3316 electione
482 3253 603 3316 alteram
625 3270 760 3334 quoque,
790 3253 859 3316 licet
882 3271 921 3316 cx
941 3256 1065 3334 repetita
1087 3257 1169 3336 quasi
1190 3257 1390 3336 praelectione
1412 3277 1486 3321 mox

252 3363 349 3426 denuo
371 3362 560 3446 prodituram,
582 3362 745 3444 adiungere
767 3370 854 3442 atque
868 3381 1054 3444 praeponere
1070 3366 1217 3430 cunstitui.
1254 3367 1383 3448 Utraque
1398 3387 1485 3449 vero,

253 3489 311 3552 quo
345 3472 449 3534 maiori
482 3473 546 3535 iure
573 3471 760 3535 Monacensis
790 3472 987 3535 bibliothecae
1019 3473 1164 3554 praefecti
1193 3475 1264 3538 mihi
1294 3476 1484 3558 alienigenae

252 3599 311 3642 non
334 3581 451 3662 quidem
475 3581 681 3666 denegandum
710 3584 875 3663 putaverint
902 3583 1023 3662 librum,
1054 3603 1141 3666 quern
1170 3586 1282 3668 patriae
1310 3587 1485 3651 academiae

253 3686 385 3754 addictus
415 3699 444 3756 et
470 3693 581 3773 primus
610 3693 721 3756 invenit
744 3701 773 3756 et
794 3694 824 3756 in
845 3693 979 3758 manibus
1002 3693 1136 3772 tenebat,
1166 3695 1219 3758 sed
1248 3694 1285 3758 ab
1307 3714 1344 3760 eo
1366 3697 1484 3790 medios

252 3798 328 3861 iuter
350 3799 466 3865 labores
495 3802 641 3866 noluerint
668 3809 822 3883 repetere,
850 3804 887 3867 ad
914 3802 1013 3868 solius'
1027 3803 1199 3868 Parisiensis
1223 3804 1334 3870 codicis
1356 3810 1486 3871 auctori·

251 3914 339 3970 tatem
361 3909 468 3992 illaque
490 3910 647 3976 blaassenii
668 3911 802 3994 exempla
824 3914 895 3976 mihi
916 3921 980 3978 erat
999 3913 1194 3995 proferenda3
1224 3913 1253 3977 id
1275 3915 1354 3996 quod
1375 3933 1485 3983 omnes

251 4015 397 4100 lectores,
427 4039 465 4086 ne
493 4021 646 4104 negligant
674 4030 722 4086 aut
744 4023 825 4105 parvi
846 4021 958 4087 habere
987 4023 1091 4104 velint,
1114 4025 1323 4088 instantissime
1345 4042 1434 4108 rogo,
1459 4027 1486 4090 si

253 4145 329 4208 quae
351 4128 427 4194 forte
449 4138 499 4194 aut
519 4131 713 4196 dubitationes
736 4140 784 4196 aut
799 4133 1021 4198 emendationes
1036 4141 1124 4215 atque
1140 4135 1337 4214 coniecturae,
1357 4152 1485 4217 quarum

253 4235 317 4300 illas
340 4237 397 4301 hoc
418 4241 505 4322 siguo
528 4237 573 4317 (l)
595 4242 730 4320 indicavi,
752 4241 806 4306 has
829 4262 901 4306 vero
924 4245 1049 4325 quisque
1063 4242 1150 4305 facile
1164 4243 1307 4325 percipiet
1321 4262 1360 4306 ex
1373 4245 1486 4310 notulis

252 4346 374 4413 adiectis
402 4351 578 4432 appositisve
607 4354 720 4416 uncinis
751 4351 806 4436 [],
836 4353 930 4417 minus
954 4353 1025 4434 ipsis
1056 4351 1209 4416 videantur
1235 4353 1331 4416 iustae
1352 4371 1389 4418 ac
1413 4373 1483 4436 pro-

252 4453 374 4524 babilas.

335 4567 491 4635 Summulis
513 4571 591 4653 istis,
622 4591 744 4655 quarum
770 4572 891 4638 alteram
919 4573 938 4636 i.
961 4591 989 4636 e.
1017 4572 1054 4636 de
1076 4571 1223 4638 electione
1242 4573 1483 4656 eonpostetlano
