3062 5174
241 257 300 321 338
621 259 818 318 BERNARDI
840 259 900 316 ,ΕΤ
931 260 1093 318 RICARDI

241 441 337 512 ipsum
358 445 559 496 testamentum
580 439 739 512 infringere
754 439 830 496 vole·
883 446 977 496 autem
1004 441 1098 511 ipsam
1120 448 1169 496 ant
1190 441 1252 498 cius
1275 447 1483 498 testamentum

242 538 307 606 bat;
336 535 387 592 sed
407 543 502 592 tamen
525 543 625 592 contra
644 549 706 592 eam
728 551 832 608 propo·
884 551 1030 593 excusare.

241 633 379 703 uebatur,
408 632 485 704 quod
511 634 576 703 ipra
604 631 751 687 abbatissa
775 648 833 690 nou
1071 655 1286 664 -’···-“-·

241 733 355 786 vixerat
374 731 405 786 in
431 729 534 785 habitu
554 729 719 786 monachali
741 736 782 797 et,
811 731 904 784 atita
925 729 1020 784 dicam
1041 731 1155 786 vixerat
1177 738 1210 784 ut
1230 733 1388 788 monacha
1410 747 1482 788 secu·

242 829 323 899 laris,
345 835 373 881 et
394 825 472 898 quod
493 827 579 882 etiam
601 842 638 882 ex
659 826 779 896 antiquo
800 827 880 894 illae,
906 841 978 897 quae
999 842 1062 882 eam
1083 827 1113 880 in
1136 826 1254 882 abbatia
1268 825 1298 902 ⁸)
1320 845 1483 900 praecesse·

242 932 322 992 rant,
344 924 375 978 in
397 923 487 978 simili
507 922 610 978 habitu
635 922 824 991 incedebant,
849 921 925 978 unde
945 922 1033 992 haec,
1055 938 1128 994 quae
1150 939 1226 979 nunc
1247 927 1400 981 successit
1421 927 1483 994 illis,

241 1020 405 1077 Gabiniana
426 1020 544 1076 domino
556 1019 653 1090 Papae
673 1035 724 1090 per
745 1036 828 1076 suum
850 1019 983 1076 nuntium
999 1020 1142 1090 querelam
1159 1019 1318 1089 deponens,
1343 1037 1395 1089 ea,
1417 1037 1482 1092 qnae

243 1113 310 1193 [ab]
332 1117 454 1173 adverso
482 1116 698 1187 allegabantur,
727 1117 846 1172 domino
868 1116 964 1188 Papae
989 1116 1158 1172 insinuavit.
1200 1117 1265 1188 Ipse
1287 1133 1364 1173 varo
1389 1117 1483 1172 habito

242 1215 364 1270 consilio
385 1214 549 1286 sapientum
571 1228 685 1270 oausam
702 1214 867 1270 Caralitano
884 1208 908 1286 ⁸)
930 1214 1067 1284 episcopo
1082 1213 1234 1281 commisit,
1256 1213 1376 1283 dicans,
1402 1214 1483 1286 qnod,

242 1328 278 1367 ex
299 1327 356 1382 quo
378 1312 454 1366 lacta
474 1312 530 1366 fuit
550 1309 713 1379 abbatissa,
743 1311 908 1366 nullatenus
935 1310 1031 1381 potuit
1059 1310 1151 1366 iacere
1178 1318 1408 1381 testamentum
1436 1327 1483 1368 nec

242 1408 353 1476 obstat,
376 1408 453 1480 quod
476 1404 547 1479 [non
569 1408 683 1462 vixerat
704 1405 750 1480 in]
772 1407 876 1463 habitu
893 1402 918 1480 ¹)
946 1407 1125 1474 monachali,
1154 1408 1223 1478 quia
1243 1409 1273 1462 in
1297 1423 1333 1464 eo
1357 1416 1406 1462 est
1427 1409 1481 1462 cul·

240 1503 355 1576 pandus
377 1505 539 1576 episcopus,
562 1506 613 1576 qui
634 1520 696 1560 eam
718 1503 820 1559 debuit
841 1519 979 1568 coercere,
1001 1520 1059 1559 non
1081 1513 1174 1560 tamen
1196 1520 1231 1559 ex
1245 1505 1302 1559 hoc
1318 1506 1387 1559 eius
1403 1511 1483 1560 testa·

241 1609 368 1657 mantum
389 1603 582 1670 confirmatur,
607 1618 672 1657 aum
694 1600 793 1657 aadem
815 1602 852 1656 sit
873 1601 945 1656 ratio
966 1602 1171 1658 monachorum
1193 1609 1221 1656 ct
1241 1601 1434 1672 monialium,
1456 1610 1482 1656 nt

241 1701 272 1754 in
293 1700 381 1756 Auth.
405 1698 440 1754 de
462 1699 611 1756 monachis
633 1695 720 1770 (Nou.
736 1695 770 1773 5)
791 1697 875 1771 §ult

625 1889 662 1956 O.
685 1893 715 1958 4.
760 1892 837 1954 Cum
858 1895 891 1952 in
915 1887 1023 1971 officiis
1043 1902 1095 1954 aa.

286 2049 500 2104 Penaaacclam:
515 2047 562 2103 Sic
577 2063 643 2121 ergo
659 2064 691 2104 aa
706 2043 722 2118 ᾇ
737 2044 837 2104 detsi·
927 2047 994 2102 Sive
1022 2047 1169 2118 praelatus
1198 2047 1342 2102 moriatur
1363 2053 1481 2102 testatus

245 2145 344 2200 monia
365 2140 498 2216 p¹bnda's
520 2139 610 2217 (sici)
632 2145 738 2215 aliquis
754 2145 837 2200 cleri·
887 2144 935 2198 vel
949 2144 1110 2210 intestatus,
1125 2143 1203 2198 bona
1218 2149 1312 2198 tamen
1325 2141 1383 2214 per
1394 2145 1481 2200 ecole-

246 2257 296 2296 cus
318 2242 516 2312 conquisierit,
540 2242 570 2296 in
592 2242 665 2296 alios
684 2243 836 2296 transferre
888 2241 959 2295 siam
986 2239 1130 2312 acquisita
1158 2239 1236 2311 apud
1267 2241 1365 2311 ipsam
1396 2257 1480 2298 rema

245 2353 302 2392 non
324 2344 434 2408 potest,
455 2339 524 2392 licet
544 2337 637 2407 possit
656 2338 687 2391 in
710 2353 761 2393 suo
783 2353 836 2392 usu
887 2345 984 2393 neant.
1522 2361 1523 2412 p

245 2435 408 2506 expendere
429 2435 477 2490 vel
498 2435 698 2504 eleemosynae
728 2435 836 2492 intuitu
1522 2413 1523 2490 l

244 2533 275 2586 in
307 2549 361 2588 usu
393 2547 553 2604 pauperum
581 2545 712 2604 crogare,
745 2539 773 2588 et
803 2531 858 2586 lroc
887 2530 1042 2588 donatione
1070 2532 1146 2586 inter
1174 2530 1274 2600 vivos,
1305 2546 1369 2586 non
1401 2545 1481 2586 caasa

244 2629 359 2697 mortis,
388 2645 424 2684 ne
445 2630 483 2684 sit
504 2635 594 2684 contr.
616 2628 694 2684 infra
715 2627 779 2686 eod.
800 2644 825 2684 c.
846 2643 929 2698 prox.

686 2819 725 2886 C.
746 2819 776 2887 5.
818 2823 961 2884 Adiaaa
982 2831 1034 2884 aaa

285 2979 318 3033 ln
345 2977 531 3048 aspritudine:
562 2977 655 3032 Multo
683 2991 750 3050 crgo
779 2977 836 3032 lor·
926 2975 1076 3044 Dicimus,
1105 2973 1183 3047 quod
1210 2975 1312 3030 clerici
1339 2973 1378 3032 da
1400 2975 1478 3032 bonis

246 3070 416 3147 tius...')
437 3105 474 3114 -
496 3075 650 3129 moderate:
681 3073 741 3130 Hoc
768 3073 835 3130 ideo
887 3073 1026 3129 ecclesiae
1055 3073 1153 3128 testari
1180 3083 1238 3126 non
1261 3080 1408 3144 possunt,
1434 3071 1477 3127 aad

247 3173 334 3241 dicit,
364 3173 433 3244 quia
455 3189 498 3227 res
520 3179 563 3226 est
584 3172 738 3240 ccclesiae,
767 3173 837 3228 licet
888 3167 957 3226 dnm
987 3171 1019 3224 in
1047 3168 1227 3242 aegritudine
1259 3171 1306 3223 sni
1335 3175 1479 3241 compotes

246 3287 314 3324 nsua
335 3270 373 3324 sit
394 3270 465 3337 eins,
487 3270 538 3340 qui
556 3284 616 3324 rem
630 3276 748 3340 propter
762 3269 836 3324 elee-
886 3267 999 3334 vivunt,
1021 3281 1080 3321 non
1092 3267 1202 3321 ratione
1216 3265 1396 3334 testamenti,
1413 3267 1479 3322 elee-

246 3382 397 3438 mosynam
418 3367 547 3438 erogavit
562 3361 597 3440 ').
888 3380 1025 3436 mnsynae
1041 3360 1080 3438 ¹⁰)
1100 3363 1208 3420 intuitu
1228 3369 1354 3433 possunt
1371 3361 1480 3435 aliquid

886 3460 996 3534 largiri.

646 3649 684 3717 C.
707 3653 737 3719 6.
781 3657 861 3736 Quia
881 3673 936 3716 aas
957 3664 1011 3716 tua
1032 3663 1084 3715 etc.

928 3808 997 3870 'libi
1018 3809 1178 3880 quaerenti,
1199 3823 1236 3864 an
1258 3808 1366 3864 clerici
1386 3808 1480 3866 tutari

887 3907 1009 3977 possint,
1031 3905 1248 3976 respondemus,
1271 3903 1309 3960 de
1329 3904 1422 3962 bouis
1435 3921 1480 3977 ps·

887 4005 975 4064 ternis
1007 4011 1035 4060 et
1066 4003 1133 4060 aliis
1162 4000 1283 4056 aliunde
1316 4004 1480 4074 acquisitis,

887 4115 946 4156 non
966 4099 1067 4158 habito
1095 4106 1227 4170 respectu
1247 4095 1286 4153 ad
1314 4101 1480 4168 ecclesiam,

885 4197 978 4254 libera
1013 4195 1112 4252 testari
1145 4201 1279 4266 possunt,
1321 4195 1480 4254 dummodo

886 4307 943 4350 non
964 4293 1083 4352 laedant
1103 4292 1264 4351 ecclesiam.

245 4531 379 4598 possideat.
426 4531 449 4596 ⁵)
463 4529 528 4584 Ood.
542 4531 673 4584 abbatissa.
720 4531 743 4589 ⁶)
760 4531 825 4586 Cod.
842 4532 990 4585 Caralitano.
1039 4533 1062 4596 i)
1076 4532 1107 4585 In
1121 4531 1188 4585 God.
1201 4533 1352 4598 interquod
1363 4533 1479 4587 eliaba
1522 4565 1523 4576 η

250 4602 330 4654 obvia
347 4605 388 4654 est
405 4600 507 4684 lacuna.
561 4601 584 4686 ’ξ
602 4601 929 4658 LacunainCod.adest
982 4601 1305 4670 uesappaaaawacam
1317 4604 1479 4672 coaprspaait
