3098 5184
269 224 288 286 2
550 227 748 284 BERNARDI
770 228 905 284 SUMMA
927 229 1216 286 DECRE'l'ALlUM.

268 403 387 467 mulam
404 405 440 481 15)
471 401 598 468 Christo
626 401 707 467 duce
723 401 761 483 16)
792 402 961 488 aggredior
988 401 1133 481 elimare,
1162 401 1201 467 de
1229 402 1346 489 exiguo
1372 423 1492 466 munere

267 513 361 578 venia
381 512 549 598 postulata.

734 709 979 793 l'llttllllllllll
997 713 1031 793 ¹).

349 893 388 956 In
411 892 530 958 Christi
551 892 677 957 nomine
692 895 727 971 2).
772 891 915 957 Libellus
942 891 1216 978 extravagantium
1238 915 1257 956 a
1278 891 1389 956 maiori
1411 899 1493 977 parte

267 1001 470 1065 decretalium
491 1023 607 1066 nomen
628 1001 758 1087 accepit,
780 1002 813 1065 in
834 1004 924 1068 cuius
946 1002 1075 1067 exordio
1089 1001 1263 1080 materiam,
1285 1001 1494 1076 intentionem,

265 1110 447 1188 utilitatem,
471 1119 502 1175 et
516 1113 541 1192 3)
565 1107 680 1196 agendi
702 1110 842 1174 ordinem
864 1133 1102 1196 prosequamur.

349 1219 486 1284 Materia
512 1229 585 1285 sunt
612 1221 784 1285 decretales
813 1232 844 1284 et
872 1221 1028 1306 quaedam
1056 1221 1146 1286 utilia
1173 1220 1327 1306 capitula,
1357 1243 1440 1306 quae
1467 1221 1496 1284 in
1533 1263 1534 1310 g

266 1352 397 1416 corpore
420 1353 576 1396 canonum
592 1331 634 1412 ⁴),
663 1330 797 1416 registro
821 1329 969 1416 Gregorii
990 1340 1022 1395 et
1043 1330 1204 1396 Brocardo
1225 1331 1395 1415 reliquerat
1420 1329 1496 1398 Gra·
1533 1327 1534 1380 i

265 1443 383 1520 danus,
412 1463 509 1528 poma
537 1464 620 1506 nova
648 1449 679 1504 et
707 1449 815 1506 vetera
840 1439 931 1506 nobis
957 1463 1087 1505 servans
1103 1443 1137 1519 ⁵).
1180 1440 1318 1506 Intentio
1338 1449 1386 1504 est
1408 1461 1496 1526 prae-
1533 1407 1534 1468 l

265 1551 350 1615 dicta
370 1551 403 1615 in
424 1574 523 1615 unum
545 1551 693 1637 colligere
713 1549 863 1614 volumen
883 1572 920 1615 ac
943 1551 1117 1616 secundum
1138 1573 1212 1615 suas
1241 1549 1413 1615 sententias
1443 1546 1497 1615 sub

263 1661 398 1748 propriis
427 1661 523 1726 titulis
552 1661 697 1725 ordinare
711 1660 747 1740 6).
795 1659 925 1725 Utilitas
954 1670 1056 1746 patet,
1088 1661 1163 1746 quia
1187 1681 1246 1746 per
1273 1659 1365 1724 huius
1395 1659 1497 1746 operis

264 1773 427 1837 scientiam
446 1772 633 1858 promtiores
655 1771 771 1835 erimus
795 1769 836 1833 ad
857 1769 1100 1849 consulendum,
1129 1769 1330 1856 allegandum
1359 1781 1390 1833 et
1419 1769 1494 1834 diffi-

263 1883 423 1947 niendum.
468 1881 558 1948 Ordo
579 1881 695 1967 agendi
717 1879 787 1944 talis
810 1888 874 1944 est:
896 1879 1054 1946 dividetur
1074 1902 1154 1966 opus
1175 1881 1209 1944 in
1231 1881 1369 1966 quinque
1390 1879 1496 1956 libros,

261 1993 295 2056 in
317 2013 451 2077 quorum
471 1992 574 2078 primo
596 1999 748 2056 tractatur
768 1989 808 2053 de
830 1989 1106 2055 constitutionibus
1128 1990 1363 2068 ecclesiasticis,
1386 1990 1431 2054 de
1452 2012 1498 2054 or-

263 2100 474 2166 dinationibus
484 2105 508 2179 ⁷)
533 2110 564 2164 et
585 2099 699 2165 officiis
714 2098 908 2178 clericorum,
931 2101 1016 2165 etde
1037 2101 1279 2187 praeparatoriis
1300 2099 1497 2176 iudiciorum,

262 2211 296 2273 in
317 2212 456 2276 secundo
478 2211 517 2275 de
537 2210 662 2274 iudiciis
684 2219 715 2274 et
736 2230 887 2294 processu
908 2210 1109 2289 iudiciorum,
1131 2211 1164 2274 in
1186 2209 1277 2274 tertio
1298 2210 1338 2274 de
1355 2209 1426 2275 vita
1440 2211 1498 2274 cle·

261 2320 398 2385 ricorum
420 2329 452 2384 et
471 2319 566 2385 rebus
588 2342 714 2398 eorum,
737 2319 777 2383 de
798 2329 883 2384 statu
904 2321 1131 2386 monachorum
1151 2329 1182 2385 et
1202 2319 1297 2385 rebus
1320 2341 1448 2399 eorum,
1469 2319 1499 2382 in

262 2439 375 2514 quarto
397 2430 437 2494 de
458 2430 681 2509 matrimoniis,
703 2429 737 2494 in
759 2431 868 2516 quinto
891 2431 931 2496 de
952 2431 1134 2496 criminibus
1157 2440 1188 2496 ct
1208 2430 1329 2517 poenis.

701 2639 1046 2646 mm.—

518 2847 803 2966 LIBER
869 2830 1240 2966 PRIMUS.

770 3099 943 3185 rnuuu
968 3101 995 3185 1.

666 3275 710 3335 lte
738 3274 1088 3334 constltntlonlbus.

342 3447 528 3514 Auxiliante
546 3449 688 3515 Domino
716 3449 756 3516 de
785 3447 1059 3516 constitutionibus
1088 3447 1308 3514 ecclesiasticis
1324 3453 1349 3528 1)
1379 3458 1497 3514 tracta-

259 3557 330 3636 turi,
352 3558 516 3624 videamus
536 3559 571 3623 in
591 3560 711 3646 primis,
734 3559 810 3644 quid
829 3559 870 3625 sit
884 3558 1074 3637 constitutio,
1097 3558 1166 3644 quis
1180 3559 1281 3645 possit
1295 3559 1497 3636 constituere,

258 3689 340 3752 quae
362 3689 459 3732 causa
480 3667 618 3734 faciendi
644 3669 914 3748 constitutionem,
943 3668 1019 3754 quid
1048 3669 1115 3734 eius
1144 3667 1303 3747 officium,
1331 3691 1416 3753 quae
1447 3667 1498 3734 oui

257 3777 362 3842 valeat
382 3779 599 3864 praeiudicare
605 3803 614 3857 ;
636 3788 668 3844 et
689 3780 839 3865 quoniam
861 3777 990 3844 difficile
1004 3787 1052 3844 est
1065 3799 1209 3865 promere
1224 3779 1450 3845 diffinitionem
1460 3782 1495 3862 2),

257 3887 285 3952 si
306 3887 383 3972 quid
404 3887 437 3952 in
459 3888 504 3954 eis
526 3887 703 3968 offendero,
725 3898 836 3976 parcat
856 3889 983 3955 dilectio
1004 3888 1141 3954 socialis.

258 4096 291 4161 ιὓ)
307 4096 334 4148 H
341 4115 363 4149 a.
382 4115 508 4161 ceramum,
528 4095 581 4150 Pa.
600 4113 704 4160 mammo,-
722 4099 750 4150 in
769 4095 858 4152 Μο.3
877 4096 984 4150 excidit.
1040 4094 1073 4162 ¹⁶)
1092 4095 1141 4148 Li.
1161 4102 1188 4152 et
1206 4095 1255 4150 Vi.
1269 4095 1385 4161 produce,
1405 4095 1497 4152 M0.2

252 4167 388 4232 praeduce,
408 4167 493 4222 Μο.3
511 4166 550 4216 vel
565 4167 631 4218 duce.

325 4253 434 4305 Prooan.
452 4279 481 4289 -
504 4253 525 4316 ¹)
537 4251 615 4306 Hane
628 4254 770 4317 rubricam,
783 4254 810 4304 in
824 4251 898 4304 nullo
913 4252 1004 4306 codice
1017 4253 1133 4318 obviam,
1146 4253 1205 4319 ipse
1219 4250 1318 4304 addidi.
1363 4251 1388 4313 ²)
1404 4251 1499 4306 Verba

255 4324 320 4389 ista,
345 4325 467 4389 quamvis
492 4324 604 4376 tortasse
627 4323 725 4374 melius
745 4337 804 4373 eum
824 4322 1047 4388 praecedentibus
1065 4320 1256 4388 coniungenda
1272 4321 1380 4440 possint
1399 4323 1498 4386 videri,

255 4401 347 4444 contra
377 4393 500 4444 codicum
531 4395 727 4456 auctoritatem,
759 4406 874 4456 qnorum
901 4392 952 4444 soli
979 4389 1036 4442 Ha.
1065 4399 1091 4442 et
1116 4389 1169 4442 Pa.
1196 4407 1244 4457 pro
1289 4407 1305 4440 n
1332 4391 1435 4444 habent
1464 4393 1496 4454 in,

256 4461 322 4514 illuc
345 4462 449 4513 trahere
474 4459 559 4511 nolui.
623 4460 647 4524 3)
665 4458 723 4511 Ha.
742 4469 766 4510 et
782 4459 826 4510 iat.
845 4467 869 4509 et
884 4459 935 4511 atil.
954 4469 985 4511 et.
1045 4459 1069 4524 ⁴)
1087 4459 1162 4512 Idem
1190 4459 1343 4510 Metallum
1363 4477 1495 4511 canonum.

255 4529 279 4595 ⁵)
298 4529 354 4582 Ha.
379 4546 439 4584 cum
466 4527 519 4581 Pa.
545 4535 571 4580 et
593 4527 641 4581 Li.
666 4545 801 4581 resonans.
856 4525 879 4590 ⁸)
905 4529 953 4581 Li.
975 4529 1062 4580 ordire.
1117 4529 1141 4593 τ)
1159 4527 1216 4582 Ha.
1238 4535 1264 4582 et
1280 4527 1335 4581 Pa.
1354 4529 1496 4580 ordinibus.

328 4615 377 4668 Tit.
391 4613 417 4668 1.
430 4645 463 4654 -
510 4613 532 4680 Ι)
549 4614 636 4669 Deest
653 4617 681 4669 in
700 4615 755 4669 Ha.
804 4616 827 4682 ²)
843 4611 1071 4686 Haemum„
1090 4614 1143 4669 Pa.
1161 4615 1236 4683 dare,
1255 4615 1495 4683 Masproaum.
