3098 5184
583 201 819 260 uoluente.
1217 203 1318 262 XXIII

102 380 173 444 locus
185 376 239 459 44),
259 377 336 442 haud
358 379 452 444 minor
473 395 605 461 prorsus,
629 397 717 460 quam
738 377 891 458 hacteuus,
914 376 953 442 de
975 394 1046 442 uera
1062 375 1152 442 buius
1167 378 1259 444 libelli
1271 381 1317 446 io·

101 489 173 566 dole,
198 496 227 551 et
248 507 285 552 an
306 488 413 570 dignus
435 489 473 552 sit
493 489 677 552 accuratiore
699 489 870 570 cognitione
891 487 992 570 etqui
1014 487 1168 567 ederetur,
1197 489 1317 554 suberat
1388 515 1390 524 ·

102 599 272 662 incertitudo.
317 599 410 662 Immo
437 605 516 664 tanta
544 606 607 662 erat
635 597 771 662 eiusdem
799 597 913 662 inscitia
939 605 969 660 el
989 598 1118 678 incuria,
1148 605 1180 660 ut
1200 615 1315 680 omnes,

98 709 166 790 quod
186 709 327 786 viderim,
349 708 421 772 iuris
442 709 545 788 periti,
577 716 688 772 memet
708 709 774 790 ipso
794 725 982 790 nequaquam
1003 714 1144 790 excepto,
1166 707 1243 772 haud
1263 709 1317 772 ob·

97 819 287 892 servaverint,
315 835 392 898 quae
419 819 478 882 iam
507 817 620 898 pridem
643 816 847 896 subsedeat,
876 823 906 880 ct
930 823 999 880 ante
1019 816 1075 880 hos
1097 817 1201 898 viginti
1221 837 1315 884 annos

94 927 215 998 tortum
236 927 274 990 de
295 945 408 990 summa
423 926 566 991 bernardi
586 928 664 990 inter
684 927 776 990 libros
788 927 902 1010 Regiae
916 927 1113 990 bibliothecae
1128 926 1315 994 Monacensis

94 1039 171 1102 abda
190 1044 364 1102 curaverant
388 1036 562 1100 adnotanda.

167 1146 229 1221 Quo
249 1149 316 1227 ipsc
335 1146 398 1210 lere
414 1153 548 1228 ternpore
563 1145 633 1212 mibi
648 1146 728 1210 llalis
743 1145 839 1209 adhuc
859 1147 980 1228 degenti
994 1153 1026 1210 et
1040 1145 1158 1210 docenti
1170 1145 1271 1210 incidit
1285 1149 1316 1210 in

92 1274 184 1319 manus
197 1257 303 1336 codex,
327 1255 499 1338 quibusdam
518 1258 603 1320 annis
617 1264 685 1320 ante
700 1275 739 1320 ex
753 1256 1054 1320 llalberstadiensium
1069 1257 1315 1320 monasteriorum

93 1367 124 1429 ad
144 1365 307 1430 secularem
330 1373 435 1430 statum
458 1367 666 1444 reductorum,
689 1367 825 1430 nesciunt
846 1383 921 1446 quo,
943 1364 1013 1428 illuc
1034 1364 1199 1446 translatus,
1226 1372 1315 1448 atque

92 1475 270 1540 academicae
292 1475 488 1540 bibliothecae
510 1476 590 1540 dono
614 1476 697 1540 datus
719 1496 735 1539 a
758 1475 968 1558 superloribus.
1011 1476 1099 1539 Libro
1121 1475 1222 1538 inesse
1242 1473 1313 1538 Ber·

91 1585 165 1648 nardi
184 1586 437 1668 compilationem,
467 1586 536 1650 huic
560 1604 633 1650 vcro
661 1586 786 1650 subesse
815 1603 975 1664 summam,
1004 1586 1117 1667 primus
1145 1601 1194 1648 me
1215 1583 1316 1648 docuit

90 1694 253 1776 adspectus,
285 1695 395 1760 lectura
418 1713 491 1758 uero
519 1695 675 1760 subsecuta
698 1713 736 1758 eo
757 1695 906 1777 perduxit,
935 1702 967 1758 ut
993 1694 1071 1758 illius
1099 1693 1314 1758 describendae

89 1812 167 1884 alque
188 1805 347 1887 aliquando
376 1805 560 1886 evulgandae
589 1807 647 1868 iarn
675 1813 744 1868 tunc
768 1805 883 1868 inierim
905 1803 1068 1868 consilium.
1111 1802 1185 1866 Nam
1206 1804 1232 1867 si
1253 1819 1314 1866 non

90 1915 329 1997 anteponendum,
353 1923 434 1978 certe
454 1915 704 1996 aequiparandum
726 1913 898 1996 legistorum
920 1915 1051 1994 summis,
1074 1929 1147 1994 quas
1169 1914 1314 1978 eiusmodi

90 2025 200 2099 generis
222 2043 263 2088 cx
282 2025 333 2088 illo
355 2025 496 2088 habemus
519 2043 605 2105 aevo,
627 2025 723 2088 statim
747 2023 818 2086 mihi
845 2023 999 2086 videbatur
1019 2021 1162 2086 Bernardi
1184 2041 1311 2106 opuscu·
1363 2046 1366 2055 ·

88 2131 152 2211 lum,
180 2135 212 2196 iu
241 2152 302 2216 quo
324 2141 354 2198 et
382 2134 592 2217 compendiosa
616 2134 747 2197 uniuersi
766 2133 832 2196 lere
853 2134 924 2198 iuris
947 2132 1105 2197 delineatio
1128 2139 1191 2196 erat
1212 2131 1309 2214 obvia,

88 2250 112 2304 et
129 2250 204 2306 tanta
234 2245 307 2306 iuris
335 2244 429 2308 ciuilis
460 2263 494 2308 se
518 2242 723 2308 manifestabar
743 2244 883 2323 scientia,
912 2250 1049 2325 quantam
1079 2242 1213 2306 canonici
1239 2243 1312 2306 iuris

86 2351 187 2416 ilomm
210 2355 262 2416 vix
283 2353 334 2416 olli
353 2353 463 2434 poteris
479 2352 638 2416 vindicare.
672 2351 732 2416 Sed
746 2353 903 2434 propositis
917 2371 977 2416 non
989 2359 1048 2416 tam
1064 2352 1173 2416 obstitit
1186 2351 1310 2416 aliorum
1367 2373 1374 2384 ’

86 2460 244 2541 dissensus,
270 2481 356 2544 quam
378 2465 442 2544 ipsa
464 2463 575 2526 codicis
602 2461 737 2526 Halensis
767 2461 905 2524 conditio.
947 2459 1018 2525 blox
1039 2463 1117 2526 enim
1139 2461 1215 2540 uidi,
1237 2479 1310 2524 eun-

87 2571 143 2634 dem
165 2574 344 2654 gravissimo
365 2572 502 2638 laborare
523 2571 650 2649 defectu,
673 2589 739 2636 cum
762 2571 912 2636 secundus
934 2574 1099 2654 quaternio,
1126 2571 1229 2636 nescio
1251 2587 1310 2652 quo
1400 2658 1404 2670 .

87 2699 163 2756 casu,
184 2682 332 2746 exciderit
353 2685 465 2762 omnis,
494 2684 541 2746 cui
568 2682 693 2747 lacunae
717 2682 884 2763 priusquam
907 2681 1024 2747 aliunde
1046 2701 1086 2744 ex
1105 2681 1188 2746 libris
1209 2699 1311 2744 manu·

87 2792 191 2872 scriptis
214 2793 333 2856 medela
355 2791 443 2857 luerit
460 2791 564 2871 adlata,
587 2809 732 2856 summam
753 2792 829 2854 intra
844 2790 1021 2855 Germaniae
1042 2799 1142 2872 portes
1163 2810 1202 2854 ox
1215 2791 1310 2874 inopi·

85 2908 142 2964 nato
161 2903 313 2966 iuventam
334 2902 440 2966 eadem
460 2920 518 2982 qua
538 2901 680 2966 hactenus
695 2899 844 2964 obhvione
866 2899 1013 2965 obtectam
1031 2901 1202 2983 relinquere
1217 2902 1309 2964 satius

85 3026 143 3072 esse
163 3011 250 3090 duxi,
281 3029 369 3092 quam
392 3029 526 3074 mancam
547 3010 736 3091 mutilumque
757 3017 845 3091 atque
868 3009 1041 3074 mendosam
1062 3027 1122 3074 uno
1143 3030 1182 3074 ex
1203 3010 1308 3074 codice

84 3118 212 3184 inlucem
227 3120 374 3202 prolerre.
414 3120 537 3186 Parisioi
559 3137 631 3184 vero
652 3119 770 3184 tandem
792 3118 904 3186 codicis
925 3121 1029 3202 viginti
1049 3119 1114 3184 lere
1135 3120 1220 3184 annis
1242 3125 1310 3202 post

84 3227 261 3294 collationem
289 3230 412 3312 adeptus
441 3230 608 3312 eodemque
635 3237 770 3311 tempore
799 3229 908 3294 certior
934 3228 1027 3294 lactus
1057 3229 1094 3292 de
1118 3228 1212 3292 altero
1233 3227 1308 3291 libro

85 3341 288 3421 manuscripto,
329 3358 417 3420 quem
455 3340 493 3402 ad
528 3339 682 3404 meliorem
717 3357 849 3402 summac
884 3341 1094 3404 recensionem
1130 3345 1160 3402 et
1192 3343 1308 3418 poterat

84 3446 296 3514 subministrare
317 3448 494 3514 bibliotheca
519 3447 706 3514 blonacoosis
735 3457 764 3512 et
792 3467 907 3512 summa
936 3451 1073 3512 comitate
1095 3457 1183 3532 atque
1201 3447 1308 3511 libera·

83 3553 152 3620 litate
173 3560 222 3622 vix
244 3565 369 3640 rogatus
391 3577 506 3622 mecum
521 3559 754 3639 communicavit,
778 3561 829 3640 qui
841 3560 897 3640 ipsi
911 3567 1031 3642 praeest
1045 3558 1145 3622 Celeb.
1161 3557 1322 3641 Halmius„

84 3668 159 3730 statui
180 3667 290 3733 odilla
311 3675 438 3749 vegetae
460 3667 603 3732 virilitatis
624 3668 723 3734 redire
752 3667 889 3750 coosffia3
918 3667 1149 3732 haesitabundus
1178 3668 1305 3750 quidem,

84 3791 140 3838 cum
160 3786 320 3859 provectae
342 3779 454 3856 aetatis,
476 3779 533 3842 cisi
554 3778 683 3842 nondum
706 3777 871 3843 debilitates
885 3778 1035 3858 sentirem,
1058 3786 1140 3842 certe
1155 3795 1249 3842 annos
1264 3779 1306 3841 vi-

84 3881 175 3948 derem
196 3888 447 3971 appropinquare,
476 3906 590 3952 summa
611 3889 699 3952 etium
720 3888 845 3954 afflictus
868 3889 1014 3952 moestitia
1035 3888 1208 3970 mediasque
1228 3888 1306 3950 inter

85 3992 253 4061 calamitates
281 3997 457 4077 familiares,
482 3997 537 4061 sed
558 3997 638 4061 bono
658 3999 758 4062 animo
780 4015 878 4080 eoque
900 3997 1063 4078 fidentiori,
1093 3996 1174 4080 quod
1194 3995 1304 4060 doloris

114 4296 144 4360 ⁴⁴)
160 4299 290 4362 ,Em-iture
308 4300 356 4352 eres
367 4299 431 4368 joh'e
447 4317 480 4351 au
499 4301 604 4366 proni&
627 4310 720 4367 aspect,
748 4301 809 4352 mois
833 4301 858 4352 la
876 4300 934 4366 pluo
957 4307 1047 4366 amec,
1074 4301 1100 4353 lo
1120 4300 1180 4367 ploro
1202 4299 1305 4366 churpee

158 4386 337 4439 d'ubreoota'ons
355 4387 570 4453 aramathaim,
594 4388 626 4440 lu
639 4387 715 4454 plus
736 4387 868 4454 remplt'c
891 4389 927 4439 de
950 4387 1107 4440 citatione
1130 4389 1185 4439 deo
1203 4404 1306 4454 para-

159 4475 301 4540 propheo
326 4474 365 4524 du
388 4475 476 4526 droit
497 4475 585 4540 civil,
612 4491 641 4526 eo
663 4493 695 4528 un
715 4485 764 4528 mot
782 4476 975 4546 laetaremur
992 4477 1041 4528 moi
1057 4476 1083 4526 lc
1095 4475 1153 4546 pluo
1165 4473 1263 4548 penible
1282 4483 1306 4530 ee

160 4559 185 4611 lc
197 4560 255 4628 plue
272 4559 402 4630 dffcr‘lcss
