3076 5176
244 180 302 244 428
516 186 711 244 BERNARDI
744 188 881 244 SUMMA
913 187 1199 245 DECRE'I'ALIUM.

247 358 303 426 Gr.
325 380 352 424 c.
367 362 397 428 5.
419 359 459 424 V.
475 362 540 445 39).
589 360 655 429 Sed
686 371 718 427 et
732 363 773 446 44)
805 362 914 426 rustici
944 362 1096 429 ecclesiae
1126 373 1158 428 et
1189 361 1272 429 servi
1301 361 1342 428 ab
1374 362 1423 427 bis
1440 362 1488 444 44)

237 469 382 555 'angariis
425 471 604 536 eximuntur
625 473 685 556 44),
727 481 764 536 ut
799 471 837 538 C.
859 470 935 537 XII.
972 477 1067 557 qu.2
1094 478 1298 538 Eeclataram
1335 474 1380 554 (c.
1413 474 1488 554 69).

245 582 308 657 §b
337 579 473 645 Praedia
494 602 619 666 quoque
641 581 845 647 ecclesiarum
866 581 927 647 hoc
947 582 1113 668 privilegio
1134 581 1283 668 gaudent,
1304 589 1341 646 ut
1362 601 1423 645 nee
1439 580 1489 661 44)

245 687 396 753 tributum
418 699 578 775 praestare
601 689 736 756 debeant
764 712 823 756 nec
853 691 987 758 sordidis
1014 689 1196 756 muneribus
1227 690 1416 777 aggravari,
1449 699 1490 752 ut

246 798 284 864 C.
298 797 388 864 XVI.
404 821 455 883 qu.
470 806 482 866 1
504 804 689 865 Generaliter
712 802 822 882 (ch)
846 807 1075 880 §Noaeliaram
1091 805 1125 882 (ἦ
1140 803 1186 883 3),
1208 805 1313 864 Placet
1328 803 1364 880 (ἦ
1378 801 1415 881 4)
1427 799 1488 878 44),

245 918 277 971 et
299 908 336 974 0.
351 907 479 973 XXIII.
502 912 777 994 quassandum
801 917 843 992 (c.
859 914 925 993 24).
969 911 1034 978 Sed
1063 920 1094 976 et
1107 911 1150 994 44)
1180 909 1349 993 unicuique
1379 908 1491 973 eecle-

244 1019 310 1084 siae
332 1019 514 1084 conceditur
532 1043 614 1086 unus
635 1043 774 1099 mansus,
797 1021 851 1106 qui
866 1021 1004 1086 continet
1017 1020 1203 1106 regadariter
1217 1015 1286 1084 XII
1297 1018 1414 1104 iugera
1428 1019 1491 1098 44),

245 1127 284 1192 de
307 1151 370 1213 quo
390 1152 502 1194 manso
522 1130 643 1194 nullum
665 1131 827 1195 servitium
841 1130 883 1211 44)
906 1129 1011 1196 facere
1033 1129 1127 1196 debet
1140 1129 1182 1211 44)
1206 1129 1266 1194 uisi
1286 1127 1492 1194 ecclesiasti-

244 1258 318 1302 cum
331 1238 392 1321 44);
422 1240 461 1304 de
483 1239 610 1324 reliquis
632 1240 721 1305 terris
742 1240 870 1305 servitia
890 1238 1064 1326 praestabit
1087 1238 1210 1320 debita,
1239 1246 1317 1325 puta
1337 1238 1365 1304 si
1387 1260 1492 1325 prae·

246 1347 333 1412 dium
355 1348 507 1414 ecclesiae
527 1348 640 1414 debeat
662 1349 861 1428 servitutem,
893 1360 929 1415 ut
957 1373 1054 1436 supra
1082 1349 1122 1414 de
1143 1347 1289 1414 censibus
1307 1353 1368 1414 ci
1406 1346 1491 1430 (Gr.

246 1478 272 1522 c.
289 1462 316 1524 4.
338 1455 399 1522 ΠΙ.
415 1461 481 1540 39).
502 1496 544 1507 -
582 1461 643 1538 §b
665 1459 775 1526 Poena
795 1481 871 1525 vero
893 1459 1077 1526 violantium
1097 1458 1329 1524 immunitatem
1349 1467 1401 1524 eet
1424 1458 1492 1522 du-

246 1566 337 1652 plex,
369 1567 435 1634 scil.
466 1569 635 1654 spiritualis
669 1581 701 1635 et
730 1570 920 1656 pecuniaria.
968 1569 1051 1634 Nam
1082 1569 1218 1653 antiquis
1232 1567 1276 1650 44)
1304 1565 1492 1632 canonibus

245 1677 481 1764 praecipiuntur
494 1680 536 1762 44)
559 1680 839 1758 excommunicari,
868 1679 1043 1766 praemissa
1069 1688 1176 1744 tamen
1197 1677 1413 1744 admonitione
1428 1677 1490 1760 44),

205 1802 208 1808 “
247 1797 283 1851 ut
304 1787 342 1854 O.
357 1787 465 1853 XVII.
487 1793 575 1873 (14.4
596 1793 707 1854 Frater
737 1795 778 1868 (c.
796 1793 849 1872 40)
865 1792 907 1872 44)
915 1829 936 1869 ,ι
954 1795 990 1854 st
1018 1795 1083 1870 qais
1109 1794 1244 1870 &inceps
1271 1790 1314 1870 (c.
1329 1789 1405 1867 22),
1438 1794 1492 1851 De

243 1903 484 1980 prebyterorum
508 1904 550 1980 (c.
565 1902 637 1981 23);
659 1899 753 1965 hodie
774 1922 850 1965 vero
870 1899 1014 1964 incidunt
1033 1899 1067 1963 in
1088 1919 1241 1964 canonem
1255 1897 1338 1962 latae
1349 1897 1392 1979 44)
1408 1919 1490 1962 sen-

249 2007 364 2073 tentiae
379 2017 410 2072 et
424 2018 498 2073 sunt
512 2030 552 2074 ex
567 2009 637 2094 ipso
653 2008 739 2074 facto
751 2011 792 2093 44)
808 2009 1088 2087 excommunicati,
1112 2031 1155 2074 ar.
1172 2007 1210 2075 0.
1222 2005 1330 2072 XVII.
1346 2009 1436 2093 (14.4
1454 2014 1492 2072 ss·

248 2123 314 2197 qais
326 2123 467 2182 eoadem
482 2121 598 2199 (ctu),
614 2128 645 2183 et
660 2119 744 2184 infra
758 2119 797 2184 de
811 2130 889 2185 sent.
905 2140 1059 2185 excomm.
1071 2123 1141 2182 Noa
1151 2121 1277 2182 dubiam
1287 2119 1329 2199 (c.
1340 2118 1360 2184 0
1365 2140 1375 2194 ;
1388 2153 1406 2167 -
1423 2115 1488 2182 Gr.

248 2246 275 2290 e.
284 2227 314 2293 5.
329 2225 366 2290 V.
375 2229 442 2308 39).
473 2227 583 2312 Est⁵³)
599 2237 630 2293 et
643 2251 747 2314 poena
767 2229 959 2316 pecuniaria,
981 2229 1021 2293 de
1042 2250 1107 2313 qua
1127 2227 1228 2292 sicin
1248 2225 1424 2292 canonibus
1443 2228 1489 2308 44)

248 2335 431 2400 distinctum
446 2338 487 2418 44)
509 2338 704 2418 invenimus,
725 2349 831 2404 utrum
852 2338 999 2405 videlicet
1014 2337 1055 2420 44)
1077 2335 1227 2403 violentia
1240 2337 1281 2403 sit
1301 2335 1390 2402 faeta
1410 2357 1489 2422 per-

249 2467 346 2510 sonae
374 2446 605 2513 ecclesiasticae
630 2449 682 2515 vel
715 2449 777 2536 ipsi
811 2449 978 2527 ecclesiae,
1012 2471 1053 2512 an
1075 2449 1117 2531 ⁵⁷)
1145 2446 1240 2512 rebus
1260 2447 1294 2512 in
1315 2447 1388 2532 ipsa
1409 2467 1491 2511 con-

249 2555 374 2621 stitutis.
417 2556 453 2624 Si
473 2580 627 2643 personae
645 2559 697 2624 vel
711 2559 863 2625 ecclesiae
871 2559 923 2640 44),
945 2566 1176 2643 nongentorum
1191 2557 1363 2622 solidorum
1378 2578 1490 2642 poena

249 2675 426 2750 praestatur
440 2668 499 2748 44),
520 2677 557 2733 ut
579 2668 616 2735 0.
631 2667 740 2733 XVH.
762 2672 850 2754 (14.4
870 2673 905 2733 St
926 2676 990 2750 quta
1011 2681 1177 2733 emtumar
1199 2671 1242 2750 (c.
1256 2667 1330 2748 20),
1354 2665 1408 2732 vel
1430 2667 1488 2730 tri-

218 2817 220 2821 ·
249 2777 339 2862 ginta
363 2776 514 2842 librarum
542 2779 680 2864 argenti,
709 2789 745 2844 ut
771 2778 846 2844 ibid.
872 2785 1009 2863 Quiaqaie
1022 2777 1064 2860 44)
1088 2785 1130 2855 (c.
1145 2779 1218 2860 24);
1250 2776 1374 2840 sivero
1396 2774 1488 2839 facta

250 2896 298 2951 est
318 2886 362 2971 44)
392 2887 541 2953 violentia
568 2888 601 2954 in
628 2888 723 2955 rebus
744 2889 787 2973 44)
814 2889 848 2954 in
878 2888 1012 2954 ecclesia
1041 2886 1245 2965 constitutis,
1267 2885 1422 2952 damnum
1451 2886 1486 2949 in

251 3230 341 3295 atiquo.
394 3230 429 3294 44)
447 3229 533 3284 Deest
552 3233 579 3286 in
598 3229 658 3284 Mo.
674 3231 697 3286 4.
751 3231 786 3294 44)
805 3229 898 3286 Μο.2
916 3237 995 3297 atque
1015 3229 1065 3281 Vi.
1082 3228 1223 3281 ieiunandi.
1279 3227 1314 3290 44)
1333 3227 1428 3284 Mat
1446 3245 1486 3278 ex-

251 3301 377 3364 cipiantur,
401 3301 448 3352 sed
468 3317 550 3368 supra
567 3300 639 3352 linea
657 3302 762 3353 additur
779 3301 818 3350 vel
834 3301 974 3352 annuatur.
1039 3299 1072 3360 44)
1092 3298 1137 3352 Sic
1152 3297 1210 3350 Pa.
1229 3315 1289 3350 cusa
1309 3297 1372 3350 Mo.
1387 3299 1397 3352 4
1416 3306 1444 3350 et
1456 3299 1486 3358 3;

252 3368 307 3420 Ha.
325 3370 419 3420 nemini.
467 3369 502 3434 44)
521 3369 551 3421 in
568 3367 651 3421 Codd.
672 3371 748 3423 iocus
767 3372 817 3423 iste
838 3373 877 3423 sic
890 3371 979 3422 datur:
998 3367 1076 3420 XVI.
1095 3385 1134 3434 qu.
1149 3367 1172 3419 1.
1190 3365 1377 3432 §Naveltaram
1391 3365 1486 3430 Placet,

253 3455 340 3504 neque
360 3439 416 3490 ulla
433 3440 502 3491 inter
520 3455 567 3491 cos
588 3442 726 3492 intercedit
747 3441 870 3492 lectionis
894 3442 1023 3505 varietas,
1047 3438 1333 3506 praeterquamquod
1351 3435 1403 3489 Li.
1427 3443 1486 3489 ante

252 3505 409 3557 Novellaram
438 3525 490 3560 non
516 3508 597 3562 habet
624 3508 637 3577 §
663 3511 779 3575 signum.
815 3513 852 3560 At
874 3525 938 3561 vero
965 3515 992 3560 et
1015 3511 1042 3560 in
1067 3507 1185 3560 Gratiani
1211 3507 1244 3558 ad
1269 3523 1313 3573 qu.
1334 3507 1379 3558 cit.
1406 3509 1485 3560 dictis

253 3577 350 3628 frustra
369 3579 551 3644 quaesiveris,
573 3594 641 3644 quae
660 3578 713 3630 huc
738 3581 902 3644 pertineant,
927 3593 1015 3644 nequo
1040 3583 1110 3630 extat
1132 3579 1160 3628 in
1184 3583 1239 3628 toto
1257 3575 1388 3642 Decreta,
1414 3575 1486 3643 quod

254 3643 418 3710 Naveliaram,
437 3654 483 3698 aut
500 3648 527 3698 in
546 3649 633 3713 ipsius
653 3645 742 3711 1³.11.,
764 3647 836 3714 quod
854 3646 1072 3712 Panticapes,
1090 3646 1247 3714 capitulum.
1274 3642 1384 3711 Optime
1399 3651 1487 3698 tamea

252 3717 286 3766 ad
305 3731 360 3766 rem
378 3717 492 3783 iaciunt,
515 3732 584 3781 quae
602 3717 709 3768 laudavi
727 3718 857 3784 capitula,
881 3733 969 3783 neque
988 3717 1108 3769 dubitavi
1126 3715 1249 3768 addendo
1268 3721 1349 3780 atque
1368 3714 1486 3766 delendo

256 3785 321 3847 quid
339 3785 384 3836 vel
405 3788 469 3837 citra
488 3783 572 3837 Codd.
598 3786 677 3838 fldem
704 3786 757 3839 huc
782 3789 924 3838 remittere.
995 3785 1030 3850 44)
1049 3783 1111 3836 Non
1131 3790 1214 3836 estet
1233 3781 1328 3835 iuLi.
1400 3781 1438 3847 ⁴³)
1458 3782 1486 3834 la

254 3852 307 3905 Pa.
326 3853 432 3906 additur
450 3865 573 3906 terraram.
626 3855 661 3921 44)
681 3854 734 3906 Pa.
753 3857 858 3908 omittit.
912 3854 947 3918 44)
965 3853 997 3906 In
1017 3853 1100 3907 Codd.
1120 3853 1178 3906 solo
1196 3852 1244 3904 Li.
1264 3857 1376 3922 excepto
1394 3853 1488 3914 debeat,

254 3923 301 3974 sed
320 3925 410 3975 minus
436 3931 522 3991 recte,
546 3941 607 3976 cum
631 3942 692 3977 mox
720 3932 847 3990 sequatur
865 3925 1008 3990 praeambit.
1081 3921 1115 3978 44)
1135 3919 1234 3974 Omnia
1258 3924 1309 3975 ieta
1330 3921 1394 3976 iudo
1413 3939 1430 3974 a
1449 3922 1490 3986 qai

254 3993 356 4042 continet
374 3994 529 4046 exciderant
546 3996 574 4046 in
593 3993 655 4045 Mo.
667 3994 692 4048 3.
746 3994 781 4058 44)
801 3993 855 4044 Ha.
875 3994 899 4043 ia
918 3993 1031 4058 antiquis.
1086 3993 1120 4055 44)
1140 3990 1185 4044 Sic
1204 3990 1260 4043 Ha.
1281 3997 1307 4042 et
1325 3991 1391 4054 Vi.;
1420 3992 1486 4043 alias

248 4063 405 4126 praecepitur.
468 4062 503 4128 44)
523 4061 572 4114 Li.
592 4064 726 4113 monitione.
783 4062 817 4126 44)
836 4061 912 4126 Quae
930 4064 993 4114 hinc
1011 4067 1160 4128 sequuntur
1178 4077 1266 4127 usque
1285 4061 1318 4112 ad
1337 4077 1360 4113 c.
1383 4058 1417 4111 Si
1433 4060 1486 4126 qaia

253 4132 368 4181 suadente
392 4134 483 4184 omisit
506 4131 559 4184 Pa.
581 4131 648 4184 (iod.
674 4135 795 4197 scriptor.
868 4133 902 4190 44)
923 4130 968 4184 Sic
986 4131 1032 4184 Li.
1053 4137 1080 4183 et
1098 4130 1206 4194 M0.3;
1232 4132 1259 4181 in
1285 4131 1382 4184 ceteris
1405 4130 1485 4179 datae.

254 4201 288 4264 44)
307 4201 352 4253 Sic
371 4201 433 4253 Mo.
450 4205 459 4256 4
479 4208 504 4252 rt
516 4201 541 4268 3,
561 4199 608 4252 Li.
627 4208 707 4265 atquo
722 4200 787 4264 Vi.;
806 4199 863 4254 Ha.
881 4202 934 4267 ipae
951 4202 1010 4254 iare.
1064 4199 1098 4265 44)
1117 4199 1174 4251 Ha.
1188 4201 1285 4252 omittit
1297 4208 1339 4250 est.
1388 4198 1423 4264 44)
1436 4198 1485 4251 Li.

253 4287 363 4323 wacca.
417 4271 450 4333 44)
470 4270 561 4324 Μο.2
578 4272 675 4322 omittit
693 4270 835 4334 distinctam,
855 4279 934 4335 atque
952 4288 1013 4322 mox
1031 4269 1102 4320 videt
1148 4266 1183 4334 44)
1204 4266 1259 4320 Pa.
1272 4277 1372 4330 atcere,
1395 4270 1483 4320 itidem

254 4343 355 4392 omisso
380 4340 495 4390 uidelicet.
567 4339 601 4400 44)
627 4338 680 4390 Pa.
705 4350 760 4402 cat,
788 4339 837 4391 Vi.
861 4339 906 4392 vet
979 4340 1013 4402 44)
1039 4337 1136 4393 Μο.3
1158 4353 1280 4404 personae
1304 4335 1483 4387 mledaatieae.

254 4408 288 4470 44)
307 4408 364 4460 Ha·
380 4411 504 4474 puniatur,
525 4407 586 4460 Mo.
599 4407 616 4464 2
629 4409 738 4474 punitur.
785 4407 820 4471 44)
838 4408 895 4462 Istc
913 4410 995 4462 verbo
1009 4425 1070 4460 mox
1085 4409 1197 4475 repetito
1213 4407 1340 4470 inductus
1354 4409 1380 4460 in
1395 4405 1484 4460 Μο.2

255 4481 367 4544 scriptor
384 4481 474 4530 omnia
493 4479 632 4543 sequeutia
650 4479 771 4531 excidere
791 4481 852 4532 iecit
871 4482 1010 4546 pergitque
1029 4477 1164 4528 tricenarii
1174 4491 1277 4542 paeane.
1332 4473 1367 4540 44)
1388 4475 1484 4528 Paci

254 4547 347 4602 M0.³
373 4551 477 4600 truiittit.
548 4545 582 4610 44)
601 4547 628 4598 H
636 4565 658 4599 a.
677 4548 702 4597 ia
720 4547 825 4598 eccleaa'is
842 4547 880 4598 uel
896 4548 920 4599 ia
937 4548 1009 4598 rebus
1027 4557 1087 4611 etc.,·
1109 4546 1201 4601 Mat
1218 4546 1243 4596 ia
1269 4546 1340 4596 rebus
1364 4545 1482 4596 aarum
