3062 5174
599 199 846 258 TESTIMONIA.
1235 263 1245 270 ,
1279 198 1339 266 359

105 397 192 452 quam
213 397 310 438 eorum
331 383 449 437 vicariis
471 396 523 452 per
544 387 703 451 temporum
725 381 869 438 curricula
889 387 994 438 statuta
1010 383 1097 454 plura
1110 389 1177 439 suut
1190 382 1278 453 edita,

105 494 178 550 quae
199 481 326 552 generali
348 480 492 534 vocabulo
514 493 637 534 canones
658 479 892 550 appellantur...
930 481 1028 536 Canon
1049 486 1143 538 tamen
1166 480 1238 537 duas
1258 483 1337 556 leges

107 577 191 646 ponit
218 583 344 644 tantum,
373 576 461 632 videl.
491 575 638 647 publicam
666 576 686 630 i.
709 593 732 632 e.
755 577 939 645 canonicam,
967 585 995 634 et
1014 579 1208 648 privatam...
1232 580 1338 636 .Porro

104 689 189 744 super
209 674 295 730 huius
317 675 472 730 canonicae
494 674 567 746 legis
588 673 768 744 expositione
788 675 864 728 varii
884 675 956 729 iuria
976 675 1151 746 professores
1172 680 1336 748 pervarias

104 775 262 840 temporum
294 772 488 828 successiones
520 770 713 826 diversimode
744 770 928 839 laborarunt,
961 779 992 827 ut
1021 771 1222 844 Rufiinus,
1259 777 1335 832 Sil-

104 874 244 940 vester,
279 869 439 925 Ioannes
474 869 681 942 Hispanus,
724 868 883 930 Ioannes
918 868 1172 939 Faventinus,
1214 871 1333 945 lingo,

104 965 317 1038 Melosios,
350 966 482 1022 Petrus
515 967 697 1035 Pisanus,
730 967 890 1022 Ioannes
923 964 1118 1037 tielensis,
1154 968 1335 1028 Damasus

102 1063 273 1133 Boemus,
295 1063 429 1122 Petrus
451 1063 672 1134 Papiensis,
693 1064 839 1120 Alanus
860 1063 1061 1136 Anglicus,
1083 1066 1218 1122 Petrus
1239 1067 1334 1138 Apu-

101 1161 178 1228 lus,
207 1163 454 1229 Laurentius,
482 1161 729 1230 Vincentius,
758 1161 994 1230 Tancredus,
1023 1163 1184 1220 Ioannes
1213 1164 1335 1220 Theu-

103 1259 273 1327 tonicur,
302 1260 462 1315 Ioannes
490 1259 532 1314 de
553 1259 682 1327 Finto,
710 1258 872 1314 Iacobus
897 1259 940 1314 de
959 1259 1149 1334 Albenga,
1177 1261 1335 1333 Episco-

102 1372 170 1426 pus
205 1355 459 1424 Faventinus,
495 1355 717 1423 Goffredus,
752 1355 1066 1414 Bartholomaeus
1096 1358 1334 1428 Brixicnsis,

101 1453 263 1510 Ioannes
291 1453 334 1509 de
361 1452 435 1509 Deo
463 1461 498 1510 at
524 1452 739 1510 Bernartius
767 1453 992 1509 Parmensis.

472 1760 542 1850 F(
570 1767 737 1854 {tillut
770 1767 956 1854 illlhfll

395 1942 420 2010 t.
462 1941 495 2009 ln
519 1941 641 2010 hovela
665 1955 757 2026 srpcr
783 1938 988 2008 lecuuhhus
1008 1941 1034 2020 ⁷)

322 2147 348 2184 a.
401 2127 449 2186 ad
489 2125 764 2202 prooemium
803 2125 920 2186 libri
960 2125 1102 2201 print.

257 2280 337 2335 Sicut
358 2279 434 2334 enim
456 2280 512 2334 fuit
531 2278 654 2334 intentio
676 2275 817 2350 Gregorii,
844 2276 973 2332 diversas
995 2277 1214 2334 constitutiones
1236 2285 1263 2334 et
1283 2277 1332 2334 de·

98 2377 220 2432 cretales
249 2377 386 2450 epistolas
412 2376 557 2448 dispersas
578 2376 609 2430 in
639 2375 768 2448 dispersa
789 2376 1059 2430 volumina...in
1081 2393 1171 2432 unum
1193 2377 1330 2432 volumen
1405 2437 1408 2444 ,

97 2473 244 2544 reducere,
267 2475 309 2530 sio
330 2481 372 2530 est
392 2475 449 2530 mei
470 2475 593 2532 ioannis
610 2473 746 2530 Andreae
766 2473 797 2526 in
818 2472 873 2528 hoo
894 2487 980 2542 opere
1000 2473 1173 2545 principalis
1196 2475 1329 2544 intentio,

97 2570 228 2626 diversos
257 2579 412 2643 apparatus
441 2571 597 2627 asummis
624 2571 712 2626 huius
739 2570 812 2626 iuris
839 2568 1032 2640 prudentibus
1054 2570 1147 2626 editos
1169 2571 1330 2642 superbae

98 2669 303 2740 compilatione
331 2670 379 2724 vel
407 2670 479 2740 ipsis
506 2667 761 2724 constitutionibus
783 2667 1015 2738 compilationis,
1044 2673 1076 2722 ut
1095 2683 1147 2738 per
1167 2667 1223 2722 hoc
1244 2668 1330 2723 etiam

98 2772 254 2836 apparatus
282 2767 467 2838 antiquarum
495 2767 733 2837 compilationum
760 2764 924 2832 includam,
953 2779 1018 2820 cum
1047 2763 1200 2836 diligentia
1220 2779 1332 2819 summa

99 2864 257 2920 revolvere.
273 2903 280 2919 .
296 2902 327 2918 ..
372 2864 568 2936 Antiquarum
598 2863 675 2920 enim
706 2862 944 2933 compilationum
974 2859 1128 2916 habuimus
1159 2861 1332 2918 recolendae

97 2963 253 3018 memoriae
273 2967 418 3017 notatores
439 2959 668 3016 Bernardum
690 2959 923 3030 Papiensem,
944 2959 1122 3014 Ioannem
1144 2955 1329 3014 Galcnsem

99 3155 374 3165 -,,....-.-----

97 3262 178 3322 atque
197 3255 258 3322 illa,
285 3271 352 3322 quae
372 3254 431 3307 aliis
451 3257 478 3308 iu
498 3256 623 3321 capitulis
642 3255 716 3308 hisee
736 3255 787 3308 sub
805 3253 892 3306 titulis
910 3252 1030 3304 affertur:
1056 3251 1099 3302 Ex
1115 3267 1207 3302 aarum
1224 3252 1330 3302 decreto·

98 3326 155 3376 bum
175 3325 219 3377 vel
238 3342 268 3376 ee
284 3341 376 3374 summa
393 3323 453 3374 iuris
470 3324 622 3376 decretalium
646 3325 691 3386 (ei.
708 3322 824 3388 Phillipr
844 3323 861 3374 l.
880 3337 903 3374 c.
922 3339 948 3389 p.
960 3320 1010 3376 321
1026 3337 1067 3386 sq.
1085 3329 1112 3373 et
1130 3329 1184 3374 nol.
1202 3319 1265 3388 28),
1292 3321 1330 3374 (11-

97 3411 177 3447 versa
202 3411 266 3447 vero
292 3396 324 3448 ab
350 3409 396 3460 ea,
419 3409 487 3460 quae
511 3394 571 3444 r‘arr‘a
594 3401 620 3446 et
643 3394 704 3442 ioris
721 3391 832 3442 canonici
848 3397 927 3457 atque
945 3391 975 3442 da
992 3391 1086 3441 casibus
1104 3392 1156 3444 sub
1175 3393 1283 3444 nornine
1302 3393 1329 3443 in

98 3463 210 3531 speculo
228 3463 389 3516 Vincentino
409 3465 537 3529 occurrit,
562 3465 691 3516 incertum
710 3468 765 3529 est,
789 3463 969 3514 certissimum
986 3477 1064 3527 vero,
1090 3459 1163 3512 istud
1181 3460 1329 3528 capitulum

97 3549 186 3598 neque
210 3550 241 3584 ex
260 3531 396 3585 Bernardo
420 3547 508 3597 neque
534 3549 564 3584 ex
584 3531 702 3583 Damaso
726 3532 879 3584 desumtum
905 3547 982 3594 esse,
1006 3531 1053 3596 qui
1071 3529 1104 3582 da
1122 3530 1240 3594 antiquis
1259 3546 1329 3582 eom·

97 3602 272 3669 pilationibus
292 3603 360 3654 nihil
377 3617 489 3669 prorsus
508 3603 653 3666 proferunt,
675 3599 921 3668 Gregorianamque
935 3615 989 3651 non
1001 3599 1135 3651 viderunt.
1166 3597 1329 3665 ceteroquin

98 3688 165 3725 usus
191 3687 250 3724 sum
276 3671 391 3723 editione
416 3687 437 3722 s.
457 3670 474 3722 l.
494 3677 520 3721 et
538 3685 560 3721 a.
586 3673 783 3735 vetustissima,
809 3686 841 3721 ex
865 3667 1052 3720 Rostoehiensi
1076 3667 1241 3721 bibliotheca
1262 3668 1329 3720 mihi

99 3741 197 3793 oblata.
262 3736 286 3798 ‘l
305 3738 393 3792 Huius
413 3739 475 3792 libri
495 3739 676 3806 vulgatissimi
695 3745 784 3792 extent
802 3741 828 3790 in
847 3737 1011 3791 bibliotheca
1029 3735 1182 3790 Lubeeensi
1208 3737 1328 3803 mihique

98 3809 132 3863 ad
153 3825 247 3862 menas
272 3815 347 3860 erant
369 3815 422 3860 tam
440 3809 675 3874 Argentoratensis
700 3825 779 3875 quarn
799 3807 919 3860 Romana
942 3807 1089 3872 editiones,
1114 3823 1180 3873 quas
1201 3806 1327 3858 Savinius

98 3878 211 3941 (Gesch.
232 3885 280 3930 ete.
300 3876 417 3930 Tom.V.
435 3893 461 3944 p.
474 3877 525 3934 516
538 3893 578 3944 sq.
597 3875 646 3928 Ed.
659 3876 695 3929 Il.
713 3893 740 3944 p.
753 3877 817 3940 589)
836 3879 922 3944 primo
941 3875 1000 3928 loeo
1026 3882 1161 3940 recenset;
1188 3875 1236 3928 sed
1253 3875 1327 3926 illius

98 3950 214 4016 primum
233 3946 343 4011 folium,
369 3947 451 3998 huius
470 3951 584 4014 primum
604 3947 731 4000 volumen
752 3963 812 3999 eum
831 3945 952 4011 deesset,
977 3961 1066 4012 neque
1085 3946 1137 3998 alia
1154 3945 1220 3997 mihi
1239 3959 1328 3996 recen-

96 4019 148 4070 tior
166 4018 192 4068 in
211 4022 316 4084 promtu
341 4022 413 4069 esset
436 4017 530 4075 editio,
556 4018 608 4069 nisi
628 4016 792 4069 Francoiurt.
811 4017 844 4068 A.
860 4013 933 4081 1592,
952 4017 1081 4082 optimum
1099 4032 1160 4078 esse
1179 4013 1251 4077 duxi,
1270 4011 1327 4064 Du·

98 4087 231 4141 cautinum
251 4086 340 4139 locum
360 4103 391 4138 ex
411 4101 442 4138 ea
460 4089 615 4140 recensione
635 4091 763 4152 repetere,
782 4101 861 4152 quam
875 4084 986 4138 Senicio
1005 4085 1035 4148 (l.
1046 4101 1068 4138 c.
1083 4084 1161 4136 Turn.
1171 4081 1220 4133 111.
1234 4098 1259 4149 p.
1267 4079 1327 4136 582.

97 4155 146 4208 Ed.
162 4154 196 4206 11.
214 4173 239 4222 p.
253 4154 317 4218 631)
335 4155 480 4219 debemus,
504 4155 576 4221 quod
601 4161 627 4209 et
652 4156 684 4208 de
702 4154 811 4209 Ioannis
831 4154 955 4208 Andreae
980 4156 1051 4208 valet
1075 4153 1256 4206 additionibus
1276 4151 1327 4204 sub

96 4225 127 4278 F.
145 4223 161 4279 3
180 4227 307 4292 repetitis.
372 4223 396 4287 7)
414 4222 489 4276 Usus
508 4241 567 4276 sum
588 4224 714 4294 Papieusi
736 4227 817 4278 huius
840 4225 902 4277 libri
927 4224 1042 4277 editione
1061 4224 1094 4275 A.
1115 4217 1220 4283 liutto.
1238 4220 1327 4287 iol.,a

97 4295 207 4347 Savinio
226 4294 258 4356 (l.
276 4309 297 4347 c.
311 4292 387 4346 Turn.
402 4291 450 4348 vl.
469 4310 494 4360 p.
508 4293 557 4349 tut
570 4301 596 4346 et
610 4295 671 4360 115)
690 4295 808 4349 secundo
832 4294 892 4348 loco
916 4298 1136 4358 commemorata,
1161 4307 1241 4358 quam
1260 4289 1327 4342 mihi

96 4361 1232 4500 {tibitibi}itltitlllttiillttllltiltttliilll-‘ditlt
1246 4361 1325 4482 tlt:

97 4501 213 4556 Novello
230 4504 386 4570 peritissimi
404 4503 454 4554 viri
471 4501 565 4555 Ioann.
582 4519 624 4554 an.
643 4520 703 4570 sup.
722 4508 797 4557 sexto
814 4501 909 4556 Decre.
927 4501 1040 4555 feliciter
1059 4503 1124 4554 linit.
1158 4499 1199 4553 Irn
1221 4514 1325 4554 rossum

97 4571 222 4626 Venetiis
234 4579 288 4626 arte
301 4579 327 4626 et
338 4571 469 4626 industria
481 4571 588 4626 Andree
601 4573 736 4626 thoresani
754 4571 788 4624 de
799 4571 893 4626 Asulo.
919 4573 1000 4628 Auno
1012 4569 1124 4630 Domini
1136 4517 1326 4630 ΜΟὸΟΟΧΟῙ
