3098 5184
306 1087 737 1208 PRAEFATIO
772 1083 1137 1280 mumolus

641 1375 801 1384 ——Q

190 1551 282 1652 Inter
314 1587 505 1651 decretalium
538 1594 621 1650 extra
651 1587 779 1650 Gratiani
807 1585 920 1666 Corpus
948 1583 1141 1648 Decretorum
1170 1583 1339 1664 vagantium

115 1695 311 1778 collectiones,
342 1717 418 1778 quae
441 1700 541 1760 vocari
562 1696 659 1760 solent
679 1698 831 1778 antiquae,
854 1695 1024 1776 iampridem
1047 1694 1169 1757 obtinuit
1189 1693 1337 1756 Primae

113 1823 212 1870 nomen
243 1809 432 1888 servavitque
459 1807 617 1888 hactenus,
646 1807 715 1890 quin
745 1807 849 1887 etiam,
881 1805 950 1868 licet
971 1822 1031 1867 non
1057 1811 1117 1866 tam
1138 1822 1177 1866 ex
1196 1803 1338 1884 temporis

113 1915 222 1998 ordine,
246 1935 325 1998 quae
344 1917 414 1980 olim
437 1925 500 1980 erat
522 1918 687 1980 communis
710 1917 825 1998 opinio,
848 1934 935 1998 quam
959 1915 997 1977 ob
1019 1915 1064 1978 sui
1079 1915 1286 1996 praestantiam
1309 1919 1340 1976 et

113 2028 305 2090 anctoritatem
327 2045 443 2090 summo
460 2029 529 2110 jure
550 2047 586 2090 ea
608 2031 728 2104 meruit,
751 2043 840 2106 quaro
860 2025 914 2089 sub
929 2025 1070 2088 Breviarii
1085 2023 1338 2106 extravagantium

112 2135 185 2199 titulo
206 2117 373 2218 conposuit
392 2136 565 2203 bernardus
586 2134 754 2218 Paplensts.

185 2246 206 2309 l.
250 2247 313 2310 Hac
335 2246 373 2309 dc
396 2247 619 2328 compilatione,
648 2245 697 2308 vel
728 2245 765 2308 de
795 2245 868 2326 illis,
899 2264 975 2328 quac
999 2245 1058 2308 alio
1080 2244 1183 2308 ordine
1205 2243 1340 2326 digestae

113 2372 169 2418 eam
189 2363 435 2438 praecesserant,
458 2357 566 2420 eodem
588 2373 658 2418 mox
679 2355 735 2418 alia
758 2363 824 2436 post
841 2355 926 2418 aliam
943 2355 1119 2420 subsecutae
1134 2362 1216 2436 sunt,
1238 2373 1338 2436 neque

90 2464 172 2552 ¹mibi
193 2467 350 2530 consilium
374 2474 420 2530 est
441 2465 499 2528 boc
520 2465 588 2529 loco
611 2466 779 2546 disserere,
811 2483 908 2546 neque
930 2483 1015 2547 opus.
1058 2465 1237 2529 Nostratium
1259 2465 1338 2527 enim

110 2573 178 2638 baud
204 2575 295 2640 facile
324 2577 380 2639 erit
408 2577 562 2658 quisquam
591 2575 694 2640 barum
728 2593 828 2640 rerum
858 2583 907 2640 aut
938 2575 1086 2639 studiosus
1114 2584 1164 2650 aut
1192 2575 1338 2655 curiosus,

110 2701 189 2768 quem
210 2685 358 2767 fugerint,
381 2704 457 2767 quae
479 2686 517 2749 de
538 2687 602 2750 istis
623 2685 864 2766 collectionibus,
888 2693 937 2749 aut
956 2687 1142 2767 iampridem
1165 2687 1267 2765 editis,
1290 2691 1339 2748 aut

110 2810 195 2874 nuper
223 2797 254 2858 in
283 2795 403 2858 latebris
432 2795 675 2859 bibliothecarum
697 2796 839 2876 inventis,
868 2795 916 2859 alii
945 2795 1166 2860 enucleaverint
1193 2803 1223 2860 et
1245 2795 1339 2858 disse-

109 2905 212 2968 ruerint
227 2907 271 2985 ¹),
294 2904 343 2968 alii
365 2907 423 2968 ium
445 2905 606 2986 approbata
627 2905 845 2988 divulgaverint
859 2907 894 2986 ²).
937 2905 973 2969 Et
998 2906 1176 2988 sperandum
1200 2913 1261 2986 est,
1291 2905 1337 2970 11.

109 3011 320 3110 llttssculuur,
341 3013 484 3080 hactenus
506 3015 750 3098 Oenipontenum,
772 3035 851 3080 nunc
873 3015 1082 3080 Graeciensem
1105 3023 1338 3094 antecessorem,

108 3123 151 3202 qui
171 3141 314 3206 magnum
337 3131 367 3188 et
388 3125 526 3206 arduum,
548 3145 607 3190 nec
620 3134 720 3190 tamen
735 3128 800 3191 eius
817 3125 927 3190 viribus
941 3145 977 3190 ac
995 3127 1147 3190 virtutibus
1159 3127 1184 3206 3)
1207 3127 1338 3208 gravius,

148 3408 169 3471 Ι)
188 3407 228 3462 (11.
257 3415 314 3475 Aug.
340 3413 447 3464 theineri
473 3409 577 3465 Gomm.
605 3411 638 3465 de
664 3411 741 3465 Rom.
768 3411 866 3490 Pontii.
894 3413 1066 3482 epistolarum
1094 3411 1265 3466 decretalium
1293 3427 1339 3462 au·

184 3497 272 3563 tiquis
290 3497 495 3551 collectionibus
513 3506 578 3567 etc,
605 3497 682 3567 Lips.
705 3498 780 3556 1829.
801 3499 843 3567 4⁰,
870 3497 1039 3554 Recherches
1064 3517 1110 3552 sur
1127 3499 1265 3567 plusieurs
1284 3497 1337 3549 col-

185 3582 301 3636 lections
321 3584 435 3637 ine'dites
455 3585 487 3638 de
505 3583 661 3638 De'cretales
680 3586 716 3638 du
735 3603 834 3656 moyen
853 3603 918 3654 age,
946 3585 1023 3639 Paris
1043 3585 1117 3642 1832.
1135 3585 1179 3652 8⁰,
1202 3585 1338 3650 Disquisi-

185 3671 275 3722 tiones
295 3673 400 3724 criticae
419 3674 447 3724 in
466 3674 624 3740 praecipuas
643 3689 776 3726 canonum
794 3681 820 3726 et
839 3674 1011 3726 decretalium
1030 3675 1217 3738 collectiones,
1236 3671 1338 3723 Rornae

187 3755 264 3811 1836.
283 3757 321 3824 4⁰,
339 3765 418 3825 atque
436 3762 497 3811 dem.
509 3761 563 3810 bod
574 3761 678 3811 lllclttcrl
696 3759 800 3812 Oomm.
819 3761 852 3812 dc
871 3761 971 3814 inedita
989 3760 1160 3813 decretalium
1180 3759 1338 3812 collectione

186 3841 343 3910 Lipsiensi,
361 3843 439 3913 Lips.
455 3843 529 3901 1836.
547 3843 585 3912 8⁰,
603 3852 629 3898 et
643 3845 776 3900 Praelatio
795 3847 829 3899 ad
847 3845 925 3915 Corp.
945 3849 994 3900 ior.
1013 3863 1071 3900 can.
1085 3845 1116 3898 P.
1128 3845 1163 3898 11.
1182 3845 1257 3913 Lips.
1273 3843 1339 3900 1839

186 3945 249 3996 pag.
263 3929 362 3983 11.111.
937 3945 942 3954 ·

144 4013 167 4080 ²)
184 4017 347 4070 Accuretlus
367 4017 400 4070 de
419 4019 478 4070 istis
497 4017 702 4073 collectionibus
721 4027 783 4087 post
793 4023 817 4073 ll.
828 4023 956 4073 welterum
974 4019 1133 4083 (Lehrbuch
1147 4019 1194 4073 des
1208 4019 1339 4072 Kircben-

185 4102 285 4155 rechts.
304 4103 316 4170 1
333 4103 403 4171 105),
422 4107 663 4158 unumunurn
684 4104 797 4168 (Lehrb.
812 4108 836 4159 d.
849 4107 951 4160 kathol.
965 4123 990 4159 u.
1004 4123 1099 4173 evang.
1112 4105 1254 4160 Kircbenr.
1269 4104 1338 4173 174)

186 4204 274 4254 nuper
292 4191 359 4242 inter
378 4194 539 4245 recentiores
559 4194 614 4258 egit
626 4195 809 4260 1111111111.
826 4193 1030 4261 Kircbenrecht,
1050 4193 1126 4245 Tom.
1137 4191 1185 4245 IV.
1196 4191 1320 4260 1182111.

144 4272 168 4339 ³)
188 4273 230 4326 Gi.
250 4275 370 4328 eiusdem
386 4273 545 4347 Comment,
564 4293 633 4346 quae
646 4281 698 4332 sub
716 4281 760 4332 bis
779 4281 878 4333 titulis:
899 4280 1039 4346 »Beitrbge
1056 4297 1104 4331 zur
1117 4278 1278 4332 Geschichte
1292 4279 1339 4330 der
1359 4273 1367 4294 ⁸

181 4362 272 4426 jurist.
286 4359 419 4416 Literatur
438 4363 485 4417 des
497 4363 536 4418 M.
545 4367 578 4418 A.
592 4366 663 4420 insb.
677 4365 724 4420 der
736 4363 1065 4420 Decretisten-Literatur
1078 4367 1126 4419 des
1145 4363 1208 4416 XII.
1218 4363 1337 4431 11111111,ιι

185 4453 228 4499 11;
259 4445 455 4517 „Paucepalea‚
480 4452 524 4504 ein
549 4451 659 4519 Beitrag
682 4469 730 4506 zur
753 4451 961 4506 Liter.-Gesch.
987 4453 1035 4505 des
1060 4467 1154 4505 canon.
1175 4451 1274 4504 Rechts
1301 4453 1337 4503 im

185 4531 226 4584 Μ.
246 4535 297 4586 Aa
324 4537 352 4588 in
370 4539 446 4589 Actis
464 4537 627 4592 Academiae
646 4537 824 4593 Scientlarum
843 4538 1065 4592 vindobonensis
1087 4546 1167 4605 atque
1195 4539 1337 4605 separatim

184 4619 342 4687 prodierunt
361 4619 480 4677 Vindob.
508 4623 576 4681 1857
601 4632 628 4679 et
653 4625 735 4694 1859,
759 4641 880 4694 necnon,
906 4641 974 4693 quae
998 4627 1027 4678 in
1050 4625 1194 4692 Ephemer.
1219 4623 1337 4677 Bekkeri
