3074 5184
435 234 550 292 LIBER
575 235 626 290 III.
670 233 745 289 alr.
774 230 809 292 11
820 229 912 292 -12.
1254 228 1293 291 77

60 409 96 476 s.
107 408 136 474 1.
152 411 234 494 qus
251 415 425 494 Quaestum
441 412 483 491 (ο.
492 413 527 492 r)
543 419 575 475 a
583 409 621 476 o.
629 407 720 474 XVI.
736 411 817 492 qna
834 413 940 472 orme
949 409 1066 488 (ern.
1082 443 1122 454 -
1144 409 1206 486 sr.
1227 381 1292 472 150-

59 529 242 585 testantem
257 523 309 602 ¹⁷)
325 529 356 584 et
365 518 460 584 debet
469 519 537 584 fieri
549 519 696 584 alienatio
708 523 760 598 ²⁸)
777 541 796 582 a
809 517 951 603 praelato
966 516 1031 580 sive
1046 537 1219 581 oeconomo
1230 525 1241 558 ²
1251 527 1263 560 ⁹
1272 527 1293 594 t,

61 653 105 694 ar.
122 628 162 696 C.
171 629 212 694 X.
228 652 279 715 qu.
295 631 315 697 2
331 634 513 710 Imperator,
531 627 640 693 habito
661 637 768 692 tamen
785 627 915 693 oonsilio
930 626 1072 708 flatrum,
1086 635 1122 690 ut
1137 625 1175 692 O.
1184 624 1292 690 XVII.

57 742 148 822 qul
174 745 273 824 Questt
292 743 334 820 (o.
347 741 404 822 41)
435 749 465 803 ct
480 737 518 804 O.
533 735 611 802 ΧΠ.
635 740 722 822 qu.2
743 743 866 802 Placuit
888 741 926 819 (o.
942 738 1008 818 51).
1028 773 1070 784 —
1114 734 1183 814 §a
1211 733 1294 800 Sunt

56 858 167 912 autem
174 859 310 933 quatuor
320 857 331 890 ⁸
341 853 371 933 ⁰)
386 871 510 927 causae,
527 847 937 933 quibusresecclesiasticae
950 855 960 888 ³
972 851 1001 930 ¹)
1015 845 1099 910 licite
1108 844 1292 922 alienantur,

57 979 160 1023 causa
187 958 399 1036 necessitatis,
430 980 527 1024 causa
554 957 695 1043 pietatis,
726 979 824 1022 causa
850 955 995 1020 utilitatis
1021 953 1235 1038 assequendae
1262 963 1294 1017 et

57 1088 159 1132 causa
170 1071 223 1148 82)
244 1067 420 1132 inutilitatis
441 1067 589 1132 vitandae
600 1075 611 1108 ³
621 1071 651 1150 8)
660 1091 669 1144 ;
691 1067 730 1132 de
745 1067 793 1131 his
808 1064 954 1130 omnibus
968 1064 1103 1129 habetur
1116 1063 1149 1127 in
1165 1062 1202 1128 C.
1215 1061 1302 1127 XII.

58 1180 150 1261 qu.2
171 1177 238 1242 sere
260 1199 317 1264 per
338 1186 437 1242 totam
452 1177 678 1263 quaestionem.
700 1215 741 1224 -
792 1178 853 1255 §b
876 1175 986 1240 Poena
999 1195 1075 1239 vero
1091 1173 1292 1238 alienantium

56 1295 171 1352 contra
191 1286 328 1352 formam
350 1287 426 1352 iuris
449 1299 505 1365 est,
527 1297 563 1351 ut
578 1293 628 1364 Η)
651 1285 788 1350 debeant
809 1283 1076 1350 excommunicari
1097 1283 1148 1348 vel
1167 1282 1291 1368 deponi,

55 1397 120 1461 nisi
140 1406 329 1482 recuperent
350 1396 500 1476 alienata,
522 1399 558 1460 ut
577 1395 661 1461 infra
681 1395 750 1460 eod.
780 1400 815 1459 Si
836 1401 901 1476 quis
918 1397 1161 1476 presbyterorum
1189 1395 1231 1474 (c.
1255 1395 1291 1469 63

56 1506 116 1573 Gr.
132 1528 160 1571 c.
176 1508 196 1575 5
210 1505 301 1590 ibid.)
324 1517 355 1572 et
370 1506 408 1573 C.
419 1505 496 1570 ΧΠ.
515 1529 566 1591 qu.
582 1509 602 1573 2
626 1512 763 1590 Quisquis
777 1507 819 1586 (o.
838 1507 901 1586 19).
918 1540 960 1550 -
989 1505 1052 1582 tl.
1075 1502 1185 1568 Poena
1211 1503 1293 1566 acci-

53 1617 213 1702 pientium
233 1627 296 1696 est,
322 1626 446 1682 utrem
468 1638 540 1682 cum
560 1615 716 1680 imotibus
737 1613 903 1678 restituant
918 1617 969 1694 Η)
992 1633 1051 1677 neo
1066 1617 1117 1695 Η)
1141 1611 1292 1678 adversus

54 1727 226 1791 ecclesiam
240 1731 292 1808 Η)
308 1727 348 1792 de
362 1726 463 1813 pretio
477 1730 530 1807 88)
544 1725 682 1790 habeant
697 1725 861 1801 actionem,
877 1732 912 1787 ut
923 1720 1046 1789 O.X11.
1070 1745 1121 1808 qu.
1136 1725 1156 1790 2
1168 1729 1238 1788 Non
1253 1729 1292 1788 li-

54 1849 122 1902 ceut
132 1859 237 1918 papae
251 1839 293 1918 (c.
315 1839 371 1919 20)
394 1847 426 1902 et
448 1835 486 1902 O.
501 1835 543 1899 X.
567 1837 654 1920 qu.2
676 1841 849 1915 Imperator
871 1842 902 1898 et
918 1833 998 1899 Cod.
1021 1834 1060 1898 de
1089 1835 1233 1900 eviction.
1257 1839 1293 1897 st

52 1951 188 2029 faricium
211 1947 337 2030 (1,.27)
353 1951 414 2030 Η).
459 1945 552 2028 Quae
580 1957 686 2026 autem
714 1943 766 2008 hio
792 1944 895 2008 minus
909 1947 962 2025 40)
990 1945 1151 2022 dicuntur,
1180 1945 1214 2008 in
1234 1966 1291 2008 no-

54 2065 196 2122 strorum
212 2059 264 2140 ⁴¹)
287 2056 452 2121 doctorum
472 2055 603 2121 summis
619 2054 657 2121 C.
672 2053 749 2119 XII.
765 2077 817 2139 qu.
833 2057 853 2122 2
869 2058 921 2137 Η)
941 2053 1065 2140 plenius
1080 2054 1290 2120 inveniuntur.

543 2335 715 2421 illatos
742 2337 814 2420 llll.

470 2511 527 2568 lte
574 2511 876 2584 precariis.

138 2683 291 2749 Diximus
313 2684 353 2748 de
375 2682 615 2751 alienationibus
637 2685 671 2749 in
692 2707 826 2772 genere3
853 2707 938 2750 nuno
959 2685 992 2749 in
1013 2685 1117 2771 specie
1139 2685 1291 2751 dicamus.

54 2795 122 2862 Sed
144 2795 222 2880 quia
242 2795 367 2880 saepius
382 2796 411 2874 ¹)
427 2815 476 2859 res
491 2795 642 2859 ecclesiae
657 2795 690 2858 in
704 2795 955 2880 emphytheosim
970 2793 1021 2860 vel
1034 2795 1209 2880 precariam
1224 2795 1293 2860 dari

54 2905 177 2982 solent,
207 2903 247 2969 de
275 2903 424 2990 precariis
453 2913 680 2990 pertractemus
695 2908 733 2985 α);
764 2905 929 2971 videamus
951 2906 1058 2990 itaque
1076 2911 1123 2987 8),
1153 2905 1231 2989 quid
1251 2905 1291 2969 sit

52 3109 85 3174 θ)
105 3109 141 3162 In
163 3107 248 3163 Codd.
263 3125 386 3176 ymnomo.
445 3111 479 3176 ³⁰)
498 3109 546 3162 Li.
566 3113 644 3174 duae,-
663 3115 742 3164 ceteri
762 3129 856 3164 omnes
875 3121 984 3177 quatuor.
1044 3112 1079 3176 ³¹)
1098 3109 1150 3164 Pa.
1171 3111 1290 3162 ecclesiae.

53 3181 86 3243 ³²)
107 3179 219 3246 Sequor
237 3177 288 3231 Pa.
308 3186 334 3232 et
354 3179 415 3233 Mo.
427 3179 459 3247 3,
485 3183 584 3250 quippe
605 3184 649 3247 qui
666 3182 732 3246 soli,
751 3182 813 3234 licet
832 3183 897 3234 alias
917 3182 988 3234 haud
1008 3181 1198 3234 concordantes
1216 3183 1290 3244 (nam

54 3252 80 3302 in
98 3247 196 3302 Μο.3
215 3248 314 3300 desunt
333 3250 397 3314 quib.
415 3267 454 3299 res
472 3249 526 3300 eccl.
545 3250 583 3302 lic.
602 3251 672 3300 alien.
692 3256 786 3315 causa),
807 3258 921 3315 quatuor
940 3259 1096 3303 recenseant
1115 3267 1210 3318 causas
1230 3251 1293 3302 alie-

54 3319 146 3371 nandi.
185 3315 287 3370 ceteris
306 3321 377 3371 enim
396 3321 424 3372 in
443 3319 596 3386 codicibus,
621 3337 689 3386 quae
709 3321 861 3374 Bernardus
886 3321 917 3371 de
938 3321 1060 3372 utilitatis
1079 3337 1161 3374 causa
1178 3322 1292 3388 profert,

53 3387 209 3440 immediate
237 3403 298 3439 cum
322 3389 406 3442 verbo
430 3387 566 3439 alienantur
592 3391 741 3442 cohaerent.
813 3389 847 3452 33)
868 3389 953 3442 Deest
971 3391 998 3440 in
1017 3388 1070 3442 Pa.
1141 3389 1175 3452 ³⁴)
1195 3388 1292 3444 Μο.3

55 3457 127 3522 quod.
181 3455 216 3520 ³⁵)
235 3454 290 3506 Ha.
308 3465 384 3507 utres
467 3459 629 3510 restituantur.
675 3457 709 3523 88)
729 3458 805 3511 Idem
822 3459 876 3522 nire,
899 3459 946 3510 sed
965 3474 1111 3526 perperam.
1158 3459 1192 3521 37)
1208 3457 1290 3510 Solus

55 3525 111 3579 Ha.
133 3526 218 3578 habet
235 3525 369 3590 caelatam,
389 3530 469 3580 ceteri
489 3545 597 3593 omncs,
616 3529 679 3580 licet
696 3531 769 3580 vario
789 3529 869 3580 modo
890 3528 925 3590 (P
933 3543 956 3578 a.
977 3533 1003 3579 et
1021 3527 1110 3584 Μο.3
1129 3528 1291 3590 alienatorem,

55 3595 102 3647 Li.
122 3594 306 3659 alienationem,
327 3591 375 3648 Vi.
393 3596 534 3662 alienantis,
562 3597 651 3650 Mat
676 3597 831 3662 alimonica,
851 3596 942 3652 Mo.2
960 3596 1088 3662 alienam),
1107 3597 1292 3650 tantummodo

56 3667 114 3717 eius
141 3665 243 3716 iaciunt
267 3666 445 3732 mentionem,
469 3671 515 3733 qui
539 3667 695 3720 alienaverit
720 3667 849 3720 ecclesiae
874 3683 939 3718 rem.
976 3667 1031 3720 Sed
1053 3670 1131 3720 istam
1150 3667 1293 3719 lectionem

55 3750 148 3786 veram
172 3750 235 3786 esse
259 3734 427 3802 iustamque,
455 3742 481 3788 et
506 3735 518 3804 i
540 3735 556 3791 9
581 3737 658 3789 docet
683 3753 741 3790 can.
754 3737 781 3792 2.
808 3735 888 3788 (LX.
914 3753 959 3802 qu.
973 3735 1005 3803 2,
1032 3744 1058 3789 et
1082 3735 1170 3790 Mol
1198 3736 1294 3788 suadet

55 3803 216 3868 auctoritas,
241 3803 341 3869 quippe
364 3805 392 3857 in
416 3819 470 3870 quo
493 3807 552 3859 voci
577 3806 719 3856 alienantem
742 3805 900 3872 corrigendo
926 3812 1021 3874 expost
1048 3821 1128 3872 supra
1152 3805 1225 3858 linea
1248 3805 1293 3857 ad·

55 3873 157 3925 lectum
176 3878 219 3923 est
236 3871 274 3920 vel
289 3871 418 3924 eccksmm.
489 3873 524 3938 ³⁸)
543 3874 605 3928 Mo.
619 3877 636 3931 2
651 3874 754 3941 pcipitd,
779 3875 829 3926 Vi.
845 3875 956 3940 papirio.
1030 3874 1064 3940 89)
1084 3871 1160 3938 Quae
1179 3877 1207 3926 in
1224 3875 1293 3927 locis

55 3943 145 3994 citatis
165 3948 309 3994 occurrunt
326 3942 472 3996 lectionum
490 3947 641 4012 varietates,
660 3962 705 3998 eas
722 3961 816 3998 omnes
835 3945 931 3996 reterre
951 3961 1004 3998 non
1022 3946 1104 4010 iuvat,
1122 3959 1184 3997 cum
1202 3945 1293 4010 magni

56 4011 168 4076 quidem
188 4012 308 4079 numeri,
331 4011 379 4064 sed
398 4012 541 4080 pleraeque
559 4017 672 4066 minoris
691 4017 745 4066 sint
763 4015 902 4066 momenti.
937 4011 970 4066 Id
989 4014 1077 4066 solum
1097 4016 1213 4066 monitos
1232 4029 1293 4066 csse

55 4080 140 4133 velim
166 4079 295 4142 lectores,
318 4082 389 4134 inter
412 4098 435 4134 c.
454 4079 512 4132 Non
536 4083 607 4134 liceat
632 4100 716 4152 papae
739 4089 818 4148 atque
843 4099 866 4136 c.
885 4081 1068 4148 Imperatoria
1087 4082 1176 4137 Mol
1198 4089 1224 4136 et
1242 4080 1292 4132 Vi·

56 4147 337 4217 insuperatam
361 4150 452 4218 qu.2,
482 4153 509 4204 in
534 4151 592 4208 Ha.
618 4155 651 4205 ad
675 4151 705 4204 O.
726 4151 790 4204 XII.
817 4151 898 4218 qu.2
922 4155 1033 4220 remitti,
1064 4154 1122 4204 sine
1147 4153 1203 4206 ulla
1229 4167 1293 4203 vero

56 4218 236 4286 capitulorum
266 4221 415 4284 mentione3
443 4221 469 4272 id
489 4221 562 4288 quod
580 4240 613 4275 cx
637 4221 695 4274 sola
720 4221 888 4274 librariorum
914 4229 959 4274 aut
981 4224 1083 4274 incuria
1107 4229 1154 4274 aut
1177 4221 1293 4272 inscien-

55 4291 101 4356 tia,
120 4289 223 4340 iactum
242 4305 304 4341 esse
322 4291 422 4341 nemini
442 4290 554 4344 dubium
572 4292 716 4357 videbitur,
736 4293 782 4356 qui
800 4290 950 4356 attenderit,
969 4307 1023 4358 quo
1044 4293 1174 4359 pertineat
1192 4289 1222 4342 C.
1242 4285 1292 4340 XI.

56 4356 132 4424 qu.2
152 4372 266 4422 eamque
285 4359 324 4410 nil
342 4360 395 4412 nisi
415 4357 535 4412 Gratiani
554 4360 655 4413 dictum
675 4361 812 4414 exhibere.
871 4359 906 4422 ⁴⁰)
924 4358 957 4412 In
977 4359 1034 4412 Ha.
1055 4359 1139 4412 deest.
1194 4359 1229 4422 ⁴¹)
1248 4357 1294 4409 Sic

56 4425 117 4478 Mo.
131 4426 164 4494 2,
184 4441 275 4493 quem,
292 4427 356 4480 licet
373 4430 401 4480 in
421 4430 547 4482 omnibus
567 4430 626 4482 aliis
644 4447 698 4484 non
717 4431 840 4483 invenias
859 4438 1005 4494 rotumum,
1029 4436 1190 4496 postponere
1210 4427 1293 4480 nolui.

56 4493 89 4561 ⁴²)
109 4495 163 4550 Li.
182 4496 280 4546 summm
298 4505 322 4547 et
342 4495 368 4549 O.
381 4495 445 4548 XII
459 4507 516 4563 eta,
535 4497 589 4552 Pa.
608 4499 728 4550 doctorum
747 4509 770 4550 et
789 4497 816 4551 C.
829 4496 894 4548 XII
908 4509 950 4550 etc.

128 4581 179 4636 Tit.
199 4579 242 4636 12.
261 4612 294 4623 -
331 4583 352 4648 ι)
372 4583 421 4636 Vi.
448 4601 531 4650 saepe.
604 4587 627 4652 ²)
647 4587 694 4640 Li.
720 4594 919 4653 prospectemus.
991 4586 1015 4652 ³)
1036 4585 1092 4637 Ha.
1118 4584 1208 4636 etLi.
1232 4599 1292 4638 cum
