3062 5174
245 163 438 220 BERNARDI
459 164 509 220 ΕΤ
530 165 691 222 RIGARDI
712 166 831 224 CASUS
852 165 1139 225 nnonnnnnlnnt.
1249 163 1309 228 327
1380 221 1382 226 .

654 689 726 761 IV.

213 845 529 950 allitans)
668 881 717 946 nr
782 954 785 963 Δ
878 847 1146 951 ΒΙῦΑΙῑΙΙΓ)

403 1012 555 1109 clins
593 1011 975 1109 nlttlllllttlt.

606 1233 766 1242 -—-—

115 1397 234 1459 „Flores
256 1399 452 1468 apparuerunt
472 1398 502 1452 in
524 1403 599 1453 terra
613 1413 664 1452 no·
758 1395 833 1464 ..Qut
848 1395 1002 1452 abscondit
1016 1396 1199 1464 frumentum,
1218 1397 1306 1452 male·

67 1501 141 1561 stra,
165 1501 275 1564 tempus
297 1495 456 1565 putationis
476 1494 611 1550 advenit‘¹
628 1490 661 1568 ¹).
715 1493 827 1549 dicetur
840 1495 871 1548 in
886 1494 1014 1565 populo;
1028 1492 1194 1549 benedictio
1211 1500 1304 1550 autern

69 1592 107 1644 Hi
142 1589 285 1662 siquidem
315 1592 346 1645 in
378 1598 493 1647 sanctae
525 1593 663 1648 ecclesiae
714 1587 1305 1664 oritsupercaputvondenrinmilluct¹).

67 1688 156 1742 horto
178 1687 331 1756 concluso,
355 1687 392 1742 ab
414 1696 511 1744 austro
532 1689 661 1761 perflato,
714 1689 785 1743 Cum
806 1689 895 1760 igitur
922 1687 1134 1758 discipulorum
1155 1688 1303 1758 provectio

68 1785 101 1837 in
144 1783 261 1838 odorem
300 1785 449 1839 suavitatis
488 1783 662 1854 prodeuntes
712 1787 847 1840 metiatur
885 1785 984 1839 titulos
1019 1785 1237 1856 magistrorum,
1276 1792 1305 1840 et

69 1880 213 1935 melliflua
228 1879 383 1936 dulcedine
398 1881 521 1951 implent
532 1876 558 1954 ⁸)
578 1890 606 1935 et
619 1898 662 1937 re·
713 1889 821 1936 tantum
844 1881 1012 1937 doctoribus
1028 1887 1173 1936 accrescat
1185 1880 1304 1937 honoris

69 1980 174 2032 ficiunt
185 1979 296 2032 viscera
307 1978 496 2049 singulorum,
512 1994 564 2033 nos
576 1980 661 2033 etiam
713 1986 740 2033 et
761 1979 863 2046 iamae,
886 1985 1026 2049 quantum
1048 1980 1108 2033 suis
1130 1977 1304 2050 sequacibus

67 2092 123 2146 por
138 2069 273 2147 tiorum⁴)
289 2074 406 2130 odorem
421 2082 565 2130 currentes
578 2091 662 2145 quos·
712 2075 849 2130 adiicitur
871 2074 1063 2146 disciplinae,
1086 2075 1129 2129 nil
1151 2073 1234 2130 aliud
1256 2074 1305 2130 de·

69 2171 140 2226 dam
169 2185 204 2226 ex
232 2171 273 2225 eis
302 2173 332 2226 iu
360 2171 559 2242 componendo
583 2171 661 2227 libro
713 2186 776 2227 cere
812 2171 956 2227 doctorem
992 2173 1143 2240 existimo,
1183 2171 1241 2226 nisi
1275 2187 1304 2228 se

69 2268 260 2323 decretalium
282 2268 417 2323 duximus
439 2268 599 2340 eligendos,
624 2267 662 2323 ad
712 2270 807 2339 ipsum
830 2267 945 2324 deliciis
965 2275 993 2324 et
1012 2268 1128 2324 sibimet
1149 2269 1300 2342 abnegare,

70 2383 145 2437 qnos
161 2364 350 2436 capessendos
363 2361 388 2439 ⁵)
404 2366 584 2422 scholasticis
600 2365 661 2420 ndi·
711 2367 874 2436 tollensque
896 2381 1008 2420 crucem
1024 2382 1114 2433 suam,
1136 2367 1245 2422 honest
1257 2367 1302 2421 in-

69 2471 131 2518 tum
160 2463 191 2517 iu
212 2479 324 2518 summa
351 2463 515 2518 curavimus
540 2478 660 2533 praepa·
711 2469 840 2517 caustum
873 2478 936 2517 cum
965 2463 1093 2532 calamo,
1126 2470 1262 2534 sequatur
1276 2458 1302 2538 ⁸)

71 2577 152 2627 rare3
175 2569 201 2614 et
222 2567 254 2614 ut
275 2559 476 2616 cautiusinter
494 2559 660 2631 spinasdu-
709 2565 824 2630 poetam
861 2557 1004 2614 dicentem
1021 2555 1063 2630 '):
1102 2560 1169 2621 ..fiet
1201 2559 1303 2632 lingna

69 2657 245 2712 bitationnm
267 2663 295 2710 et
309 2658 510 2727 quaestionum
525 2658 659 2728 spiritua·
709 2671 773 2711 mea
794 2655 921 2711 calamus
943 2655 1055 2712 scribae
1077 2657 1215 2711 velociter
1229 2657 1301 2711 scri·

71 2756 114 2809 lia
126 2753 192 2808 lilia
206 2753 388 2824 colligantur,
405 2754 518 2809 tertium
530 2754 658 2809 laborem
709 2753 842 2821 bentist3
872 2767 955 2819 uam,
986 2759 1018 2806 ut
1045 2749 1215 2825 Salomo¹⁰)
1244 2755 1300 2823 ait,

72 2852 257 2906 assumsimus
279 2852 310 2904 in
332 2849 447 2906 casibus
466 2849 658 2922 explicandis,
713 2851 781 2922 „qui
796 2851 918 2920 apponit
932 2849 1092 2918 scientiam,
1114 2851 1238 2920 apponit
1251 2848 1300 2905 do-

72 2963 159 3018 super
178 2947 385 3003 insufficientia
401 2955 429 3003 et
442 2949 658 3020 imperfectione
709 2947 816 3002 loremt
829 2942 884 3020 ¹¹),
908 2947 1026 3004 facienti
1048 2947 1124 3002 enim
1145 2947 1244 3018 plures
1265 2947 1301 3001 li·

71 3053 167 3100 nostra
194 3045 319 3115 primum
347 3060 364 3098 a
388 3046 465 3112 Deo,
495 3044 620 3100 secundo
642 3061 659 3100 a
708 3045 776 3102 bros
790 3047 889 3100 nullus
904 3045 1035 3101 catinis.
1059 3045 1147 3099 Cuius
1163 3045 1203 3099 rei
1217 3043 1301 3100 bain·

72 3143 186 3197 lectoris
214 3141 418 3197 benevolentia
449 3142 534 3196 venia
560 3150 658 3213 postu·
708 3143 754 3197 lus
776 3157 827 3214 ego
849 3142 887 3197 ad
908 3141 1038 3198 crebram
1060 3147 1088 3195 et
1108 3141 1300 3212 multiplicem

72 3241 139 3294 lata.
710 3234 852 3314 [precem]
865 3239 1008 3294 sociorum
1018 3253 1099 3293 casus
1111 3237 1298 3293 decretalium

260 3323 467 3332 Ἤ
708 3337 739 3390 in
761 3352 846 3407 opero
868 3335 996 3391 subiecto
1016 3335 1183 3405 compilavi,
1204 3336 1246 3390 ita
1260 3341 1300 3389 ta-
1397 3317 1401 3326 ’

72 3449 152 3502 men,
174 3449 209 3488 ne
231 3447 303 3503 opus
324 3446 410 3486 causa
437 3431 589 3486 brevitatis
610 3431 764 3488 obscurum
786 3449 839 3488 nec
858 3432 1035 3504 prolixitatis
1056 3431 1149 3503 gratia
1169 3431 1303 3487 videatur

73 3547 238 3598 onerosum3
266 3530 297 3584 in
328 3529 409 3584 ouius
432 3529 473 3584 rei
490 3524 528 3601 ¹¹)
549 3531 748 3598 prosecutione
776 3530 909 3601 quamvis
937 3545 994 3584 non
1015 3543 1119 3600 magna
1140 3529 1178 3584 sit
1198 3530 1292 3602 gloria

72 3627 237 3697 scriptorem
265 3633 358 3681 tamen
387 3633 504 3682 excuset
531 3627 641 3682 utilitas
669 3628 764 3698 operis
789 3642 846 3682 non
874 3626 990 3682 modica
1020 3624 1127 3682 talibus
1148 3626 1302 3699 indulgen-

74 3733 129 3780 tem
144 3717 190 3799 ¹⁸).
232 3723 369 3779 Invocato
390 3723 479 3796 igitur
500 3723 636 3778 altissimi
655 3725 770 3779 nomine
785 3723 878 3796 gratia
891 3722 1117 3795 praedictorum,
1138 3739 1174 3779 ue
1190 3730 1302 3780 nostrae

140 3955 225 4022 Pracs.
244 3986 276 3995 —
306 3957 327 4019 ¹)
346 3955 412 4010 cod.
431 3958 550 4014 Francos.
570 3959 639 4012 hanc
656 3959 764 4013 exhibet
786 3960 933 4011 rubricam:
949 3957 982 4010 In
994 3957 1086 4008 nomine
1101 3955 1197 4008 Uir-isti
1215 3954 1299 4008 Amen.

78 4027 151 4078 Coeus
167 4026 319 4077 decretalium
337 4045 353 4077 a
371 4027 496 4079 d'ernurdo
509 4028 571 4092 Pap.
583 4029 643 4094 Epi.
698 4029 720 4089 2)
740 4027 779 4080 Gi.
800 4027 939 4080 canticum
959 4027 1128 4079 Canticorum
1142 4043 1163 4078 c.
1176 4026 1201 4081 2·
1217 4043 1241 4077 v.
1257 4025 1297 4082 12.

75 4103 98 4164 ³)
116 4099 177 4154 dod.
196 4101 323 4166 impletum.
388 4102 410 4163 ⁴)
431 4101 496 4155 cod.
511 4091 631 4169 iliorum.
693 4103 716 4166 Β)
741 4101 805 4156 cod.
831 4102 979 4167 capescenda.
1042 4099 1065 4168 ⁰)
1083 4099 1116 4154 In
1135 4100 1202 4154 cod.
1221 4099 1297 4153 Mon.
1354 4117 1356 4122 ·

75 4173 137 4224 lineo
159 4173 272 4223 occurrit
295 4173 416 4224 rubrica:
444 4171 520 4223 Casus
538 4172 690 4224 decretalium
707 4169 818 4223 liicordi.
879 4171 902 4234 τ)
923 4170 963 4222 Oi.
988 4170 1050 4224 Lib.
1076 4171 1199 4236 proverb.
1218 4186 1241 4222 c.
1257 4170 1297 4224 ii.

75 4237 151 4294 neo.
209 4239 232 4302 ⁸)
252 4238 318 4293 cod.
334 4241 449 4306 sequitur.
512 4241 536 4306 ο)
555 4240 595 4295 Cl.
614 4243 675 4296 Lib.
694 4241 767 4296 Psal.
785 4239 885 4295 Paeo.
903 4241 966 4296 v.2.
1033 4240 1065 4303 ¹⁰)
1086 4237 1125 4291 Gi.
1143 4238 1300 4292 Ecclesiast.

74 4327 96 4362 c.
108 4310 127 4362 i.
139 4326 163 4359 v.
175 4307 213 4362 18.
268 4309 301 4373 ¹¹)
320 4309 366 4362 Sic
385 4308 462 4374 God.;
483 4311 573 4364 versio
592 4313 702 4376 vulgate
718 4314 768 4364 ita:
787 4311 831 4375 qai
841 4310 911 4362 addit
922 4309 1050 4371 sciendam,
1070 4308 1139 4358 addit
1150 4317 1174 4357 et
1185 4307 1296 4360 liberere.

76 4379 107 4439 ¹²)
123 4376 152 4430 In
164 4376 229 4430 cod.
248 4386 309 4446 post
326 4380 364 4430 rei
380 4382 494 4434 occurrit
509 4381 557 4446 psa
574 4383 688 4447 (pratici
705 4397 739 4434 an
755 4382 869 4447 pratel),
890 4380 963 4446 quod
982 4379 1047 4446 quid
1065 4379 1116 4431 sibi
1136 4377 1201 4430 velit
1219 4382 1245 4430 ct
1263 4393 1297 4430 nn

76 4447 297 4572 sitdgl'enrenaedum,
315 4449 423 4508 videant
439 4449 491 4507 alii.
550 4448 582 4522 ¹³)
602 4449 667 4513 (lod.
685 4453 737 4512 sic;
762 4450 899 4526 scriptorem
917 4459 1058 4510 tamennon
1076 4456 1171 4500 cannen
1248 4463 1296 4502 noo

75 4533 109 4572 mo
200 4532 243 4576 ec.
