3062 5174
206 119 266 184 344
587 119 784 180 BERNARDI
813 119 864 178 ltu
894 119 1055 180 mosam

208 309 237 360 et
270 301 354 356 aliter
390 300 445 354 iste
485 313 620 370 praesens
660 299 798 356 narravit.
849 300 925 356 inter
946 315 975 356 se
993 306 1020 356 et
1046 304 1180 371 parentes
1208 297 1347 354 mulieris
1376 297 1451 352 elim

210 399 296 454 Enim
310 397 501 456 Eboraeeusis
516 379 700 470 significavit,
722 395 801 468 quod
850 403 943 452 ertum
969 395 1095 466 sedaret,
1124 396 1155 450 in
1183 403 1307 452 uxorem
1337 394 1454 464 aceepit

209 498 264 551 iste
286 495 346 562 W.‚
369 509 434 549 cum
456 501 529 549 esset
549 495 667 551 maioris
689 495 799 561 aetatis,
851 502 878 550 et
892 493 999 550 liberos
1014 509 1050 548 ex
1064 509 1098 548 ea
1110 493 1284 564 procreavit,
1304 499 1337 547 et
1350 492 1452 562 puella

118 609 122 618 ·
211 591 399 664 desponsavit
410 589 559 662 quandum
572 591 711 662 puellam,
728 606 800 662 quae
852 590 936 646 alteri
950 589 1134 646 matrimonio
1148 591 1202 645 fuit
1217 589 1372 660 copulata.
1395 588 1451 642 Ve-

211 696 271 745 erat
304 689 425 744 minoris
459 687 576 758 aetatis,
617 686 802 760 postmodum
852 704 915 742 rum
944 703 1008 744 cum
1035 687 1112 744 hunc
1136 703 1189 760 pro
1209 687 1265 750 hac
1288 701 1384 742 eausa
1405 701 1451 740 ex-

211 783 306 860 [cum]
340 785 420 858 ipsa,
456 791 609 857 antequam
642 783 680 840 ad
712 801 802 842 annos
853 785 1093 840 communicatum
1122 783 1156 841 de
1182 783 1326 842 mandato
1354 789 1451 838 nostro

214 883 328 939 nubiles
359 881 552 954 pervenisset,
582 882 665 938 nulla
691 882 802 940 ratione
853 881 1022 949 absolveris,
1038 882 1242 954 praecipimus,
1255 888 1298 950 ut,
1311 882 1342 936 si
1352 881 1452 952 puella

213 975 416 1054 consentire(t)
438 995 503 1035 eum
524 977 631 1035 habere
652 980 684 1034 in
706 980 803 1034 matri·
853 979 981 1038 nondum
1015 979 1073 1034 VII
1107 995 1196 1036 anuos
1237 979 1451 1052 compleverit,

213 1078 310 1134 monio
326 1073 368 1151 ⁸),
398 1077 474 1132 inter
502 1092 548 1132 ees
577 1083 619 1132 est
646 1075 803 1132 divortium
854 1075 970 1150 quando
1000 1093 1063 1133 eam
1092 1076 1295 1148 desponsavit,
1329 1083 1453 1134 matrem
1514 1117 1515 1156 ἦ

215 1173 406 1242 celebratnm3
437 1172 611 1245 procedente
639 1190 708 1230 vero
736 1180 805 1230 tem·
854 1175 975 1246 pacifice
1001 1173 1121 1246 habeat,
1149 1175 1175 1232 si
1201 1189 1270 1230 vero
1301 1173 1369 1230 iam
1395 1190 1455 1245 sep

214 1288 284 1343 pore
313 1270 465 1328 defunctus
495 1278 537 1326 cst
566 1272 682 1344 puellae
713 1278 804 1344 pater.
856 1272 953 1328 tennio
982 1262 1058 1341 crat,
1086 1279 1203 1328 matrem
1232 1287 1366 1342 sponsae
1390 1287 1453 1328 snae

216 1369 297 1424 Idem
313 1363 338 1442 ⁸)
367 1383 434 1423 vero
455 1369 501 1424 W.
531 1369 661 1424 relictam
690 1370 751 1424 eius
774 1369 805 1425 O.
855 1368 962 1424 habers
983 1385 1040 1425 non
1061 1370 1184 1440 poterit;
1210 1383 1311 1424 verum
1336 1385 1379 1424 ne
1400 1370 1454 1439 pri-

215 1473 335 1521 matrem
367 1466 514 1536 praefatae
547 1467 663 1536 puellae
695 1466 807 1538 accepit
857 1465 963 1520 stinum
994 1465 1093 1522 edium
1124 1466 1254 1522 sedatum
1284 1467 1453 1534 suscitetur,

216 1579 346 1636 uxorem,
368 1578 424 1634 quo
446 1569 591 1634 comperto
606 1562 700 1618 dictus
715 1563 807 1618 archi·
857 1579 1006 1619 eumcum
1028 1579 1062 1618 ea
1088 1578 1148 1619 esse
1174 1563 1284 1635 poteris
1316 1563 1454 1619 dissimu-

218 1663 370 1733 episcopus
386 1676 451 1716 eum
465 1659 624 1728 admonuit,
646 1667 678 1715 ut
693 1659 808 1732 abipsa
858 1661 918 1716 lare
938 1655 1044 1733 (siet),
1072 1661 1148 1716 filios
1176 1667 1270 1716 autem
1293 1675 1332 1716 ex
1357 1677 1394 1716 ea
1415 1678 1456 1717 sn-

218 1758 395 1826 discederet,
426 1752 592 1831 reputa(ns)
613 1757 806 1826 inhonestum,
858 1763 969 1828 seeptos
999 1757 1036 1812 ab
1056 1757 1214 1814 hereditate
1234 1757 1378 1814 iubemus
1401 1775 1453 1815 nen

217 1862 249 1911 ut
265 1851 414 1928 habe(re)t
434 1860 554 1909 matrem
574 1870 703 1926 uxerem,
726 1855 808 1910 cuius
858 1855 979 1925 repelli,
1002 1856 1026 1910 si
1048 1856 1171 1912 ecclesia
1191 1855 1335 1911 tolerante
1359 1857 1456 1912 matri-

219 1953 308 2008 tlliam
323 1960 407 2008 antea
422 1952 659 2023 desponsaverat3
676 1950 726 2007 sed
741 1951 809 2023 quia
858 1953 987 2008 monium
1008 1959 1050 2009 est
1071 1959 1256 2010 contractum.

218 2049 374 2105 admonitis
397 2049 610 2120 archiepiscopi
637 2065 737 2120 parere
757 2064 809 2104 ne·

217 2148 282 2215 luit,
298 2162 363 2202 aum
372 2147 642 2202 excommunicavit.
658 2143 792 2200 'landum
805 2161 868 2200 eum
880 2145 1013 2203 rediisset
1024 2146 1062 2202 ad
1073 2146 1332 2218 archiepiscopum,
1346 2147 1457 2218 recepit

219 2243 256 2300 ab
277 2245 334 2299 isto
355 2243 562 2312 iuramentum,
585 2242 663 2314 qued
686 2241 780 2297 adiret
800 2243 992 2314 praesentiam
1013 2245 1118 2300 summi
1138 2243 1294 2316 pontificis,
1319 2251 1348 2298 et
1371 2259 1457 2314 snper

219 2342 275 2396 hoc
296 2340 358 2395 eius
379 2339 515 2395 mandato
537 2345 666 2410 pareret,
688 2341 778 2395 etsie
800 2341 926 2396 absolvit
947 2357 1011 2397 eum
1033 2342 1069 2396 ab
1091 2341 1412 2413 excommunicatione,
1433 2349 1457 2397 et

220 2455 285 2494 eum
306 2453 371 2494 cum
392 2437 452 2492 suis
474 2437 577 2493 litteris
598 2437 670 2493 haee
691 2437 876 2493 narrantibus
898 2439 935 2494 ad
956 2439 1037 2494 Dom.
1053 2439 1150 2509 Papae
1171 2438 1367 2510 praesentiam
1392 2455 1457 2496 eon-

219 2536 301 2591 stitui
322 2534 486 2592 destinavit.
528 2533 585 2589 Iste
606 2549 674 2589 vero
695 2534 726 2588 iu
748 2535 831 2590 Dom.
854 2535 951 2606 Papae
975 2537 1139 2607 praeseutia
1166 2535 1340 2591 constitutus
1370 2537 1456 2591 aliter

220 2635 325 2689 factum
347 2631 492 2700 narravit,
522 2647 608 2704 quarn
629 2632 660 2685 in
684 2632 790 2686 litteris
812 2633 1025 2705 archiepiscopi
1053 2633 1228 2688 continetur:
1258 2631 1339 2686 dixit
1368 2633 1456 2701 enim,

221 2729 301 2803 quod
332 2727 518 2800 desponsavit
544 2730 638 2800 ipsam
666 2729 795 2799 puellam
822 2731 898 2784 intra
925 2729 982 2786 VII
1003 2746 1092 2784 annos
1121 2731 1306 2798 existentem,
1342 2738 1455 2802 postea,

220 2844 286 2886 cum
307 2825 436 2882 nondum
457 2825 494 2880 ad
515 2825 631 2881 nubiles
653 2841 743 2880 annos
764 2828 943 2897 pervenisset
963 2833 991 2882 et
1012 2827 1105 2882 nollet
1125 2828 1306 2898 aliquatenus
1334 2841 1456 2882 censen-

220 2925 289 2992 tire,
311 2923 365 2978 iste
386 2929 414 2977 et
434 2929 517 2993 pater
536 2923 653 2991 puellae
675 2929 703 2978 et
722 2924 787 2993 ipsa
807 2925 907 2994 puella
927 2925 1177 2995 archiepiscopum
1199 2929 1402 2992 accesserunt,
1427 2931 1456 2978 nt

220 3037 316 3078 coram
336 3021 400 3091 ipso
422 3021 498 3074 inter
519 3035 566 3075 eos
589 3019 746 3075 divortium
768 3021 979 3091 celebraretur;
1008 3038 1073 3078 cum
1101 3029 1195 3076 autem
1216 3021 1456 3093 archiepiscopus

220 3135 283 3174 eam
303 3117 476 3186 monuisset,
498 3123 530 3173 ut
550 3118 633 3172 istius
655 3117 776 3187 copulae
798 3133 945 3174 assensum
966 3119 1125 3190 praeberet,
1149 3125 1177 3173 et
1196 3117 1252 3172 illa
1273 3117 1367 3173 nollet
1390 3135 1456 3174 con-

220 3215 341 3282 sentire,
370 3214 552 3269 denuntiavit
578 3213 665 3270 istum
690 3217 721 3270 in
749 3215 838 3286 plena
858 3215 971 3286 synode
993 3217 1030 3273 ab
1050 3216 1137 3272 huius
1159 3214 1385 3286 desponsatione
1408 3232 1456 3286 pe-

220 3315 298 3368 nitus
320 3311 499 3381 absolutum,
522 3309 634 3368 demum
656 3318 767 3368 mortuo
787 3319 869 3383 patre
890 3314 1006 3383 puellae
1027 3327 1079 3368 rex
1097 3312 1222 3386 Angliae
1243 3316 1366 3366 matrem
1387 3313 1456 3368 hnic

222 3409 342 3465 tradidit
370 3409 402 3463 in
428 3423 565 3477 uxorem,
595 3416 623 3464 et
649 3411 705 3466 hoo
731 3425 784 3480 pro
812 3409 889 3466 bono
918 3411 1016 3481 pacis,
1045 3411 1107 3466 scil.
1130 3417 1162 3464 ut
1182 3406 1347 3476 discordia,
1382 3423 1457 3479 quae

223 3507 309 3562 inerit
335 3508 411 3561 inter
436 3512 570 3579 parentes
596 3507 680 3562 istius
709 3514 736 3564 el
762 3513 895 3577 parentes
923 3509 1069 3578 mulieris,
1099 3507 1258 3577 sopiretur3
1287 3506 1380 3560 etita
1402 3507 1457 3560 iste

222 3605 334 3674 aceepit
354 3619 417 3659 eam
441 3604 637 3673 sollemniter,
666 3612 694 3660 et
714 3605 777 3659 sine
799 3603 1026 3660 contradictione
1047 3605 1194 3692 eeclesiae)
1208 3602 1293 3657 duxit
1314 3608 1343 3657 et
1365 3619 1402 3658 ex
1425 3619 1458 3658 ea

223 3700 299 3756 tilios
320 3702 492 3772 procreavit,
514 3707 543 3755 et
562 3714 647 3772 saepe
668 3701 746 3757 dicta
766 3701 866 3772 puella
884 3701 942 3756 ¹luit
962 3685 1018 3758 alii
1037 3691 1352 3772 copulataqlteseribit
1365 3701 1458 3772 igitur

223 3813 349 3853 summus
369 3799 502 3867 pontifex
524 3799 653 3868 praelato
681 3797 914 3869 archiepiscope,
940 3797 1038 3870 quod,
1066 3799 1091 3854 si
1112 3799 1153 3853 ita
1174 3802 1232 3869 est,
1259 3802 1292 3850 ut
1312 3797 1370 3852 iste
1391 3811 1458 3851 nar·

222 3893 313 3962 ravit,
336 3893 398 3949 scil.
421 3893 499 3964 quod
520 3896 621 3966 puella
640 3897 705 3969 ipsa
725 3896 853 3954 nondum
874 3903 936 3954 erat
955 3899 1118 3970 septennis,
1140 3911 1194 3952 uec
1213 3902 1315 3967 postea
1334 3895 1369 3950 in
1391 3910 1457 3950 eum

222 3991 382 4058 consensit,
410 3992 579 4063 pronuntiet
606 3995 821 4050 matrimonium
846 3996 921 4050 inter
942 4009 1006 4051 eum
1027 4001 1055 4050 et
1075 4000 1193 4051 matrem
1214 3993 1331 4065 puellae
1352 3999 1458 4064 postea

224 4087 407 4144 subsecutum
429 4104 490 4144 esse
510 4091 687 4162 legitimum,
716 4098 744 4147 et
764 4092 840 4148 illies
861 4092 1005 4164 legitimos
1033 4107 1111 4161 esse,
1139 4092 1165 4146 si
1186 4107 1253 4147 vero
1273 4089 1378 4162 puella
1398 4091 1456 4144 iarn

224 4185 376 4256 septimum
398 4201 504 4242 anuum
524 4187 696 4258 impleverat
716 4195 842 4260 tempere
861 4187 1101 4260 desponsationis,
1123 4188 1339 4246 matrimonium
1354 4195 1459 4258 postes

224 4296 289 4336 eum
309 4288 397 4337 matre
422 4283 604 4340 subsecutum
632 4285 711 4341 dicat
738 4301 795 4342 non
823 4303 884 4344 esse
910 4287 1090 4360 legitimum3
1118 4281 1218 4340 verum
1245 4285 1277 4339 in
1302 4285 1359 4340 hoc
1388 4300 1455 4342 casu

223 4485 247 4551 ⁵)
274 4484 339 4544 (iod.
365 4487 513 4542 ιιιαιίιιιιιιυῑιι
539 4487 663 4554 (maritum
690 4488 807 4554 omnim).
878 4487 901 4554 θ)
927 4487 992 4546 Ced.
1017 4487 1047 4542 dt‘
1070 4489 1161 4555 (iseo).
1235 4487 1258 4556 ⁷)
1286 4484 1352 4542 cod.
1371 4496 1396 4542 et
1418 4493 1454 4538 σᾶ.
