3062 5174
568 257 812 317 TESTIMONIA.
1245 249 1305 315 365

71 443 294 500 archidiaconus
317 442 569 513 compostellanus
590 454 699 494 moram
720 437 835 494 trahens
855 437 887 492 in
908 436 998 505 curia,
1023 436 1059 492 de
1080 435 1200 510 registro
1220 413 1307 490 Inno-

71 543 163 597 centii
177 541 228 596 III.
252 541 405 596 extrahens
427 537 569 610 quaedam
592 535 716 605 decreta,
739 535 774 590 de
789 535 862 607 ipsis
877 535 946 590 lecit
959 549 1046 589 unam
1061 533 1306 605 compilationem,

72 655 147 710 quae
168 639 297 694 Romana
318 636 487 708 compilatio
508 634 676 701 vocabatur,
698 635 730 688 in
752 648 809 704 qna
830 637 910 688 erant
931 631 1071 703 quaedem
1092 631 1209 700 inserta,
1232 643 1307 702 quae

70 737 203 792 Romana
230 737 311 791 curia
338 751 397 790 non
425 731 616 805 approbabat.
657 730 771 786 Deinde
798 730 933 802 magister
956 729 1087 786 Petrus
1116 730 1307 784 Beneven-

72 840 184 887 tanus
211 832 247 888 de
267 830 404 888 mandato
425 832 518 902 ipsius
538 829 701 886 Innocentii
722 828 792 883 lecit
812 827 916 896 aliam,
945 841 1018 899 quac
1038 827 1124 883 tertia
1145 825 1305 894 dicebatur,

71 937 100 984 et
121 930 176 984 hoc
198 929 234 984 de
260 928 455 984 decretalibus
483 928 613 983 eiusdem
633 925 796 982 Innocentii
822 941 913 996 usque
941 924 978 982 ad
1006 941 1113 980 annum
1140 925 1186 980 sui
1211 923 1307 995 pointi-

73 1027 176 1080 ficatus
205 1025 416 1081 duodecimum.
457 1025 579 1080 Domum
607 1027 670 1097 ipse
691 1023 944 1078 Innocentius
971 1023 1003 1078 in
1032 1023 1157 1079 concillo
1178 1020 1306 1094 generali

70 1123 141 1178 fecit
156 1122 247 1178 LXXI
268 1123 497 1190 constitutiones,
520 1121 555 1176 de
573 1137 693 1193 quarum
709 1121 810 1177 ordine
825 1135 871 1175 no.
888 1120 923 1176 de
937 1121 1113 1177 accusation.
1129 1120 1213 1186 strar,
1229 1118 1307 1175 etde

70 1220 120 1274 his
140 1221 216 1275 facta
237 1227 279 1275 est
300 1228 403 1293 quarta
424 1219 603 1290 compilatio.
645 1218 757 1274 Deinde
779 1219 968 1274 Honorius
991 1218 1060 1274 iecit
1080 1219 1210 1290 quintam
1231 1228 1307 1272 cont·

70 1317 260 1387 pilationem,
289 1332 375 1388 quarn
400 1315 538 1388 magistro
560 1315 759 1371 '.l'ancredo
780 1315 899 1386 antiquo
921 1315 1033 1372 doctori
1053 1322 1081 1372 et
1101 1313 1307 1371 archidiacono

71 1414 251 1470 Bononiensi
272 1413 388 1470 direxit.
431 1413 468 1468 Et
488 1428 525 1469 ex
545 1414 591 1468 his
614 1412 769 1485 Gregorius
790 1413 859 1470 iecit
878 1413 954 1470 hanc
974 1421 1028 1470 etc.
1050 1421 1103 1470 eto.

441 1723 499 1802 Η.
554 1721 643 1808 llll.
681 1721 937 1807 lccdsllllls

115 1894 160 1959 dc
196 1892 367 1976 quinque
402 1893 609 1961 ueteribus
649 1892 966 1962 collectionibus
1002 1892 1265 1960 decretalium

158 2001 440 2086 epistularum,
475 2021 519 2070 cu
547 2004 691 2070 loanne
720 2004 897 2070 andreae
932 2000 1026 2070 illio
1055 2003 1093 2070 rt
1125 2001 1224 2070 allis

550 2112 834 2197 scriptorium.

155 2297 269 2354 Primus
298 2307 364 2370 post
386 2298 518 2355 Gratiani
546 2301 743 2356 collectionem
773 2299 990 2356 Bernartius
1017 2301 1127 2357 Circa
1154 2301 1226 2368 fuit,
1255 2301 1309 2356 Pa-

69 2396 184 2466 piensis
205 2397 403 2467 praepositus,
426 2413 494 2453 mox
508 2398 686 2453 Faventinus
701 2399 868 2470 episcopus,
890 2397 942 2470 qui
1052 2399 1191 2468 epistulas
1214 2396 1310 2454 decre-

72 2494 147 2546 tales
178 2493 313 2564 collegit,
345 2510 466 2566 quarum
496 2504 659 2565 postremae
687 2502 758 2568 sunt·
781 2496 941 2551 Alexandri
963 2495 1013 2550 III.
1043 2501 1071 2550 et
1098 2495 1183 2550 Lucii
1203 2494 1254 2548 ΙΙΙ.
1282 2502 1310 2550 et

73 2591 199 2645 aliorum
221 2590 258 2644 ad
281 2591 475 2647 Coelcstinum
497 2592 567 2661 III.,
594 2593 674 2647 cuius
697 2591 809 2647 nullum
831 2595 1001 2664 rescriptum
1023 2599 1115 2647 exstat
1134 2593 1164 2646 in
1185 2592 1240 2647 hoc
1261 2607 1310 2647 vo-

72 2687 195 2742 lumine.
237 2689 318 2744 Hanc
409 2690 472 2760 ipse
492 2689 670 2744 breviarium
692 2691 957 2760 extravagantium,
984 2689 1035 2760 qui
1056 2689 1169 2743 scholia
1190 2689 1311 2760 scripse-

74 2789 158 2850 runt,
187 2783 297 2840 librum
317 2785 340 2838 Ι.
369 2792 488 2854 vocant3
518 2787 561 2842 sic
588 2788 673 2840 etiam
703 2794 810 2841 ceteras
839 2787 1025 2841 collectiones
1053 2786 1105 2839 alii
1129 2785 1311 2856 compilatio-

73 2895 141 2934 nem
156 2881 192 2934 ΙΙ.
216 2881 266 2936 ΙΙΙ.
289 2881 337 2936 IV.
360 2883 406 2954 V.,
429 2883 481 2937 alii
502 2883 611 2938 librum
626 2884 662 2938 ΙΙ.
686 2884 735 2938 ΙΙΙ.
757 2883 806 2938 IV.
828 2882 863 2937 V.
887 2883 1117 2953 appellaverunt.
1148 2881 1230 2937 Idem
1244 2883 1311 2936 Ber-

74 2977 184 3032 nardus
206 2978 259 3034 rub
282 2978 390 3035 eisdem
411 2981 504 3035 titulis
525 2997 664 3036 summam
686 2980 835 3050 scripsisse
858 2979 983 3047 dicitur,
1006 2979 1089 3035 cuius
1103 2979 1220 3034 initium
1239 2979 1308 3034 fuit:

78 3073 245 3137 ,Profectus
267 3076 407 3148 discipuli
432 3078 525 3149 gloria
551 3079 716 3149 magistri,‘¹
746 3079 816 3132 item
838 3077 950 3133 scholia
971 3078 1032 3133 sive
1053 3077 1195 3148 glossulas
1217 3075 1310 3132 eidem

74 3172 188 3242 primae
209 3173 377 3229 collectioni
398 3173 576 3249 adscriptas3
605 3191 657 3230 nos
678 3173 806 3230 vidimus
828 3175 940 3246 aliquot
960 3175 1022 3230 sine
1042 3175 1158 3230 nomine
1180 3175 1311 3244 scriptas,

76 3269 130 3324 sed
143 3271 234 3325 multo
247 3271 348 3342 plures
365 3271 521 3342 adscriptis
535 3272 703 3327 nominibus
724 3273 941 3342 Vincentii,
963 3273 1090 3341 Alani,
1113 3269 1309 3338 Tancredi,

73 3366 294 3436 Laurentii,
323 3367 478 3441 Rogerii
506 3376 534 3424 et
561 3369 694 3446 aliorum.
736 3369 884 3425 Bernardo
913 3370 1091 3441 antiquiores
1116 3385 1132 3422 a
1154 3367 1312 3424 Gullielmo

74 3462 205 3518 Durante
226 3470 254 3518 et
367 3466 474 3521 Ioanne
501 3465 636 3522 Andreae
662 3467 724 3522 ilio
751 3468 839 3522 luisse
866 3467 1003 3523 dicuntur
1030 3466 1207 3535 Rufinus,
1237 3467 1312 3521 sil-

73 3566 218 3629 vester,
240 3561 401 3618 Ioannes
423 3563 616 3633 Hispanus
637 3571 665 3619 et
686 3565 759 3620 alter
778 3565 957 3632 Ioannes,
979 3564 1110 3618 Falensis
1131 3580 1153 3618 s.
1173 3563 1312 3618 Fanensis

74 3673 97 3711 s.
121 3655 314 3727 Faventinus,
342 3666 374 3714 ut
400 3661 454 3714 alii
480 3661 623 3729 referunt,
656 3677 777 3732 quorum
797 3678 850 3718 nos
871 3662 979 3732 scripta
999 3677 1056 3717 non
1079 3660 1207 3717 vidimus
1209 3699 1309 3716 .....

75 3754 248 3824 Papiensem
271 3756 451 3812 Bernardum
479 3758 609 3813 imitatus
636 3766 679 3814 est
700 3758 901 3814 Gilbertus
929 3766 1015 3830 atque
1043 3759 1129 3814 ctiam
1149 3758 1311 3826 Alanus3

75 3849 128 3904 sed
149 3866 254 3906 nornen
274 3853 321 3906 his
341 3855 505 3924 praeripuit
532 3855 693 3910 Ioannes
716 3854 915 3911 Gallcnsis
938 3873 960 3910 s.
982 3855 1199 3924 Vallensis,
1229 3855 1311 3910 cuius

74 3947 154 4002 liber
174 3948 305 4004 secunda
326 3950 494 4020 compilatio
516 3951 595 4006 dicta
616 3958 667 4006 est.
702 3953 756 4008 Hic
839 3960 906 4023 post
924 3952 981 4010 XII
995 3969 1119 4009 annosa
1138 3951 1233 4022 prima
1254 3949 1312 4006 eol-

75 4044 203 4100 lectione
217 4045 374 4102 eorundem
389 4047 562 4103 Pontificum
577 4049 717 4118 rescripta
731 4050 859 4120 collegit,
872 4089 879 4104 .
892 4090 899 4106 .
913 4089 920 4104 .
936 4051 1102 4123 eisdemque
1116 4065 1184 4104 mox
1199 4045 1313 4102 addidit

75 4142 190 4198 scholia
211 4143 370 4214 quaedam,
403 4144 453 4198 sed
475 4151 502 4198 et
522 4145 624 4217 Hngo
645 4145 836 4201 Ferrariensis
857 4148 1011 4218 episcopus
1102 4153 1131 4202 ct
1150 4147 1313 4200 Bernar-

76 4238 144 4294 dus
171 4240 264 4296 maior
292 4229 541 4311 Compostellanus
571 4243 792 4298 archidiaconus
820 4243 906 4299 huius
934 4245 1115 4300 collectionis
1141 4244 1312 4314 interpretes

75 4336 202 4390 suerunt.
244 4334 302 4392 Nos
323 4336 481 4393 eorundem
501 4338 613 4395 scholia
635 4341 776 4411 vidimus,
806 4357 927 4412 quorum
948 4342 1067 4396 nomina
1087 4356 1175 4412 supra
1195 4339 1313 4411 scripsi·

74 4446 151 4498 mus,
173 4430 391 4504 Vincentil,
421 4433 626 4506 Tancredi,
654 4438 786 4506 Alani,
814 4439 1018 4494 Laurentii
1039 4445 1067 4494 et
1087 4438 1226 4506 aliorum,
1253 4452 1312 4493 non

76 4542 174 4599 panca
195 4529 280 4584 etiam
301 4533 364 4587 sine
385 4533 512 4602 nornine,
536 4549 608 4605 quae
622 4535 751 4591 eiusdem
766 4535 883 4591 Ioannis
904 4537 993 4591 fuisse
1012 4543 1156 4607 putamus.
1186 4534 1313 4590 Tertiam

81 4625 284 4683 collectionem
305 4636 438 4700 coeperat
458 4631 536 4686 idern
551 4631 767 4690 Bernardus
786 4633 1121 4705 Compostellanus
1141 4671 1201 4704 ...,
1223 4647 1314 4706 eaque
