3062 5174
247 171 306 237 336
631 179 828 238 BERNARDI
857 179 908 236 ΕΤ
939 179 1099 238 ulcnllm

677 503 716 570 C.
738 505 768 572 5.
810 507 849 567 In
872 508 977 567 litteris
998 514 1050 569 ete.

328 662 399 716 Cum
420 662 561 732 spoliatus
582 661 791 718 restitutionem
812 661 884 732 petit
905 668 933 716 et
953 661 1094 732 spolislor
1109 659 1221 732 obiicit,
1242 677 1311 718 eum
1328 677 1493 734 numquam

248 759 387 815 cononice
409 759 497 814 inisse
518 759 697 826 institutum,
720 757 859 826 dicimus,
885 758 963 829 quod
984 774 1072 814 cause
1093 758 1285 814 rutilationis
1307 759 1416 830 primo
1439 762 1493 831 egi·

247 856 302 910 tori
323 863 352 910 et
372 855 520 910 terminari
542 854 643 924 debet,
672 861 699 912 cl
718 861 834 925 postes,
862 870 899 910 nn
921 871 983 912 eom
1004 855 1131 928 legitime
1152 854 1277 928 adeptus
1304 856 1365 912 fuit
1384 851 1432 930 ⁸),
1455 857 1492 910 in·

248 952 388 1022 quirutur.

638 1122 678 1191 C.
700 1127 729 1193 6.
772 1129 848 1190 item
871 1148 940 1192 essm
960 1131 1025 1208 quis
1045 1137 1096 1192 etc.

287 1281 331 1337 De
346 1284 518 1354 possessione
538 1283 649 1337 eiectum
669 1283 713 1337 vel
739 1283 839 1338 adoer-
929 1283 1000 1338 Cum
1023 1283 1088 1354 quis
1110 1281 1192 1352 dicit,
1213 1283 1366 1340 violenter
1381 1299 1415 1338 se
1431 1299 1488 1355 spo

248 1381 350 1434 sarium
371 1381 439 1434 elom
459 1389 526 1435 ete:
547 1380 612 1435 Duo
633 1381 708 1435 vilic
728 1395 839 1452 posses·
888 1379 991 1435 lictum
1012 1379 1060 1436 vel
1089 1379 1288 1435 adversarium
1310 1388 1432 1436 secreto
1452 1382 1487 1433 in-

249 1477 362 1533 sionum
384 1484 464 1533 notat
482 1477 597 1534 initium
615 1473 656 1551 ');
684 1479 734 1548 qui
762 1477 839 1533 enim
889 1483 979 1532 trcssc
999 1478 1209 1549 possessionem
1231 1478 1313 1546 eius,
1339 1486 1371 1533 et
1392 1477 1487 1533 sdver-

247 1575 321 1645 pelit
335 1573 393 1629 sibi
407 1574 617 1645 possessionem
632 1575 754 1642 restitui,
770 1575 839 1630 olle·
889 1575 982 1630 ssrius
1003 1573 1107 1629 obiicit
1127 1576 1235 1630 crimen
1255 1576 1288 1629 in
1304 1575 1433 1632 modum
1448 1591 1487 1629 er·

249 1685 315 1743 gare
341 1670 442 1740 debet,
470 1668 666 1727 adversarium
688 1687 771 1727 suum
792 1671 840 1726 vel
891 1671 1049 1741 ceptionis,
1077 1672 1159 1741 prius
1181 1687 1270 1728 cause
1291 1672 1485 1728 restitutionis

248 1769 323 1824 clem
338 1769 385 1823 vei
401 1772 603 1840 precerioose
617 1768 776 1840 possidere,
798 1783 839 1822 nr.
892 1769 1023 1836 linietur,
1045 1783 1097 1823 nec
1118 1769 1203 1823 etiem
1224 1775 1332 1840 postes
1357 1771 1485 1824 crimim-

249 1865 314 1938 Dig.
336 1865 378 1920 uti
399 1863 509 1936 possid.
527 1865 604 1927 Quod
617 1866 657 1920 eit
678 1861 765 1937 (Li.
782 1858 842 1937 59)
892 1865 960 1921 liter
980 1864 1120 1935 spoliator
1141 1879 1204 1921 enm
1226 1881 1374 1921 securare
1389 1873 1483 1937 polest,

251 1969 280 2016 ct
301 1963 366 2035 Dig.
390 1962 426 2017 do
446 1961 511 2016 iliu.
534 1969 658 2033 actuque
678 1964 754 2034 priv.
775 1961 842 2016 inde
893 1977 957 2017 cum
979 1961 1016 2017 sit
1037 1961 1099 2016 eius
1119 1961 1265 2018 inimicus.

249 2055 266 2129 ς
282 2058 328 2113 Ait
342 2059 458 2113 Praetor
479 2055 527 2129 (L.
538 2053 566 2116 3.
582 2054 662 2131 811)
682 2066 710 2114 et
724 2059 790 2132 Dig.
806 2059 841 2114 de

248 2171 323 2226 eque
342 2155 441 2210 cottid.
456 2155 488 2210 L.
506 2152 540 2224 13
563 2156 695 2226 quivero
714 2171 747 2212 ee
762 2157 885 2212 crimine
900 2154 1017 2224 obiicit,
1039 2163 1071 2211 ut
1086 2171 1149 2210 enm
1165 2171 1181 2209 s
1195 2171 1249 2210 sne
1263 2156 1437 2213 intentione
1450 2173 1483 2210 re·

247 2253 355 2323 pellat,
377 2252 451 2307 nihil
474 2253 548 2326 egil,
571 2253 640 2323 quie
660 2261 779 2324 propter
799 2252 854 2309 hoc
874 2253 1048 2324 principalis
1069 2252 1198 2324 quaestio
1219 2253 1372 2309 retardari
1396 2249 1484 2326 (sici),

248 2349 333 2420 quie,
361 2350 474 2405 elinmsi
495 2355 637 2404 constaret
658 2347 693 2404 (ie
714 2349 853 2417 crimine,
882 2357 979 2420 posset
1005 2355 1099 2403 temen
1129 2363 1212 2420 egere
1238 2349 1268 2402 in
1292 2365 1351 2404 sno
1374 2351 1484 2422 proprie

248 2462 342 2516 oense,
365 2463 405 2503 or.
421 2447 471 2502 lv.
494 2461 542 2520 qn.
558 2441 585 2504 6.
608 2442 665 2504 o.1
688 2455 716 2504 et
737 2441 757 2506 2
779 2454 806 2503 et
826 2441 854 2506 3.

718 2647 758 2714 C.
779 2650 809 2714 7.
852 2651 934 2712 Licet
960 2659 1012 2711 ete.

291 2805 492 2860 Consentienler
526 2806 587 2863 Ubi
615 2807 691 2862 enim
720 2821 839 2862 consen·
930 2807 1002 2862 Onm
1019 2805 1186 2876 Philagrius
1206 2819 1311 2862 coecus
1334 2805 1376 2860 sb
1398 2806 1478 2862 homi·

248 2903 348 2971 sisset,
370 2902 450 2974 quoti
472 2904 528 2958 iste
548 2903 682 2974 prohelio
702 2904 839 2974 proemil-
889 2902 976 2960 nibus
997 2902 1135 2959 ecclesiae
1156 2909 1266 2958 vestrae
1286 2910 1367 2957 esset
1381 2903 1477 2975 spolie-

248 3007 363 3068 lerslur,
385 3000 481 3056 stetim
503 3007 565 3056 erut
585 3001 840 3057 restituendus.·-
888 3009 935 3056 lus
954 3007 984 3056 et
1003 2999 1212 3054 restitutionem
1232 3005 1357 3069 peteret,
1383 3015 1475 3071 procn-

247 3098 331 3152 rosei
349 3105 424 3152 tuto:
445 3097 466 3152 i.
480 3113 506 3154 e.
521 3097 636 3171 ableto,
657 3114 676 3152 e
688 3098 759 3154 tolio
774 3097 838 3152 tuli.
889 3105 967 3153 rotor
986 3097 1123 3152 ecelesiae
1137 3103 1248 3152 vestroe
1269 3096 1301 3150 in
1317 3097 1474 3165 proesentis

889 3201 987 3250 nostro
1006 3193 1153 3264 probavit,
1175 3193 1263 3248 immo
1284 3191 1475 3262 probareve

246 3291 319 3358 luit,
347 3287 426 3361 quod
452 3288 617 3360 praedictus
645 3289 698 3346 Ph.
719 3291 805 3346 homo
825 3291 965 3346 ccclesias
985 3298 1097 3346 vestroe
1117 3296 1207 3358 esset,
1230 3288 1326 3356 unde,
1349 3290 1473 3361 quemvis

247 3395 312 3444 ente
340 3387 533 3459 cognitionem
563 3403 666 3442 course
695 3387 813 3444 deberet
840 3388 967 3455 restitui,
996 3396 1109 3454 tomen,
1138 3385 1207 3457 quie
1228 3400 1262 3440 eo
1283 3387 1473 3442 consentiente

245 3486 301 3540 hoc
321 3485 427 3540 iscium
448 3491 500 3552 est,
522 3483 605 3540 vobis
625 3483 805 3554 mandemus,
828 3484 906 3556 qnod
927 3486 952 3540 si
973 3483 1143 3552 eonstiterit,
1165 3498 1229 3538 cum
1250 3496 1311 3536 esse
1333 3481 1472 3538 hominem

248 3582 388 3638 ecclesiae
409 3588 538 3650 vestroe,
566 3581 604 3637 sb
624 3583 785 3638 intentione
805 3589 912 3649 cesset,
934 3581 1066 3654 alioquin
1087 3579 1183 3636 statim
1204 3578 1383 3634 restituatur.
1422 3578 1475 3632 Hoc

247 3685 341 3732 sutem
362 3676 507 3746 uidimus,
529 3678 606 3750 quod
625 3679 689 3750 ipso
710 3679 786 3736 iuter
805 3679 878 3734 elios
894 3673 921 3752 ⁸)
941 3678 1076 3736 concives
1097 3675 1136 3732 od
1156 3676 1308 3732 collectum
1330 3690 1391 3730 non
1407 3691 1472 3732 com·

245 3773 387 3845 pelletur,
409 3775 457 3830 eni
477 3775 575 3847 potius
594 3775 711 3846 pietatis
731 3776 840 3832 intuitu
860 3783 935 3832 esset
956 3773 1072 3848 aliquid
1092 3771 1305 3832 conferendum.
1516 3793 1517 3873 l

541 3975 552 3998 ⁸
623 3983 662 4050 C.
681 3985 712 4052 8.
753 3987 804 4050 Ee
823 3990 1030 4066 conquestione
1050 3995 1102 4046 ete.

267 4113 380 4196 ‘casus
409 4147 451 4195 est
480 4141 657 4198 manifestus.
686 4171 726 4184 —
766 4145 837 4215 quod
927 4143 998 4198 Cum
1015 4141 1049 4196 E.
1070 4140 1155 4196 miles
1176 4151 1296 4195 uxorem
1318 4152 1399 4194 suem
1413 4145 1469 4208 posl

246 4237 353 4292 minime
372 4237 440 4309 fieri
469 4237 574 4293 detuit:
606 4238 751 4306 Subandi,
783 4239 835 4296 nbi
886 4239 976 4295 fllicm
997 4237 1035 4294 cb
1056 4253 1090 4294 es
1105 4242 1267 4307 susceptum
1282 4231 1403 4290 arbitrio
1416 4236 1466 4306 pri·

247 4461 270 4530 ⁸)
289 4463 356 4519 cod.
375 4465 450 4520 Mon.
468 4467 553 4518 debeat
569 4474 595 4520 el
613 4466 707 4532 suerat
778 4466 801 4530 ἵ)
820 4463 949 4534 Sequitur
971 4467 999 4520 in
1018 4463 1086 4519 cod.
1110 4463 1154 4516 ssi
1177 4469 1204 4516 et
1226 4464 1305 4516 trium
1330 4469 1466 4530 qnelnomr

248 4533 394 4588 litterarum
413 4537 517 4590 lacuna.
570 4537 593 4600 ὓ)
612 4535 678 4589 (iod.
698 4533 801 4602 atquo.
