3098 5184
252 231 339 290 XXX
735 233 1007 292 Pnnsrnrlo

252 408 355 489 blante,
378 427 417 473 ex
437 409 495 474 illis
517 410 700 474 diiudicanda
721 413 824 474 censui
845 410 1064 494 quaestionibus
1093 410 1129 474 ab
1151 417 1272 476 auctore
1294 414 1479 494 praemissis3

252 519 379 601 denique
400 521 462 602 ipsa
484 521 621 584 notabilia
641 523 680 583 ita
702 521 909 604 distinguenda
923 528 953 585 et
967 521 1097 584 numeris
1113 522 1300 603 insignienda
1320 525 1430 602 curavi,
1452 531 1482 585 ut

252 628 387 710 singulae
408 647 512 692 eorum
533 629 709 712 paragraphi
729 631 766 692 ad
787 649 875 694 unam
897 631 1081 714 eandemque
1104 631 1153 694 vel
1173 632 1211 694 ad
1232 649 1394 695 connexam
1414 651 1480 714 per-

252 739 380 802 tinerent
400 741 562 802 materiam.

335 847 387 910 llis
408 847 446 910 de
467 848 653 911 recensionis
681 849 795 912 ratione
823 857 912 930 atque
940 850 1076 914 editionis
1103 849 1204 914 indole
1230 851 1416 931 praemissis,
1446 852 1481 914 ad

252 957 386 1039 singulos
415 957 550 1036 codices,
578 957 656 1022 undo
686 957 834 1023 hauserim
863 959 1006 1023 Bernardi
1034 977 1194 1040 summam,
1226 960 1426 1042 designandos
1455 969 1483 1023 et

253 1067 466 1131 describendos
489 1085 538 1130 me
559 1074 718 1148 converto,
741 1086 867 1150 quorum

338 1179 371 1254 1)
397 1175 669 1258 Parisiensem,
692 1197 759 1241 cum
773 1186 891 1260 praeter
905 1178 1087 1260 deperditum
1103 1179 1273 1243 Vaticanum
1289 1179 1370 1242 solus
1384 1179 1483 1242 bacte-

252 1305 308 1350 nus
322 1286 410 1350 fuerit
424 1288 575 1370 cognitus,
597 1289 692 1368 primo
706 1288 774 1351 loco
788 1289 953 1370 producere
969 1290 1115 1352 convenit.
1149 1288 1245 1370 lpsum
1266 1290 1405 1371 equidem
1426 1307 1484 1352 non

252 1395 329 1478 vidi,
357 1396 412 1460 sed
440 1397 667 1479 descriptionem
698 1405 728 1460 et
748 1397 936 1490 collationem
958 1398 1193 1461 accuratissimas
1215 1415 1331 1462 mecum
1353 1417 1484 1462 commu-

254 1506 361 1568 nicavit
383 1508 510 1588 optimae
532 1508 595 1588 spei
615 1541 657 1554 -
676 1508 707 1570 id
728 1508 808 1589 quod
831 1508 878 1571 vel
900 1509 972 1588 patri
994 1507 1032 1570 de
1056 1525 1094 1570 eo
1123 1507 1222 1570 licebit
1250 1509 1423 1589 praedicare
1444 1543 1484 1554 -

253 1615 383 1693 iuvenis,
412 1615 556 1679 Ricardus
585 1635 670 1681 meus
698 1619 882 1697 carissimus,
916 1619 999 1681 ouius
1026 1617 1144 1680 vixdum
1172 1617 1202 1679 in
1231 1620 1353 1699 patriam
1375 1627 1483 1682 terram
1541 1627 1542 1678 t

253 1723 388 1803 reducis,
415 1725 473 1790 iam
502 1725 572 1790 mibi
595 1736 676 1807 erat,
706 1747 863 1810 numquam
893 1728 931 1790 ad
952 1727 1041 1808 patris
1064 1727 1182 1790 domum
1207 1727 1362 1809 sinumque
1383 1747 1486 1790 rever-

254 1834 331 1913 suri,
362 1851 482 1916 semper
509 1837 565 1898 erit
592 1837 722 1918 lugenda
745 1844 929 1918 praematura
950 1855 1040 1900 mors.
1083 1835 1137 1900 llic
1158 1836 1227 1898 durn
1247 1844 1387 1900 autumno
1408 1839 1486 1900 Anni

253 1941 425 2007 dccclvii
459 1963 514 2026 par
544 1945 654 2027 aliquot
685 1946 886 2010 hebdomades
922 1947 1050 2028 degebat
1081 1945 1213 2026 Parisiis,
1255 1965 1291 2008 ea
1326 1945 1486 2028 diligentia,

233 2053 423 2116 ,assiduitate
444 2061 533 2136 atqua
560 2055 719 2133 industria,
747 2075 804 2138 qna
826 2057 856 2119 in
877 2057 1012 2119 omnibus
1034 2064 1098 2119 crat
1118 2058 1137 2119 i.
1154 2075 1181 2119 e.
1205 2073 1334 2134 summa,
1363 2057 1486 2130 arduum

255 2170 286 2225 ot
306 2163 470 2226 taediosum
491 2163 568 2226 illius
589 2165 701 2228 codicis
722 2183 790 2228 curn
811 2166 931 2233 llalensi
952 2166 1028 2229 libro
1049 2166 1237 2247 comparandi
1259 2183 1334 2246 opus
1355 2165 1486 2246 perfecit,

255 2272 334 2352 quod
362 2272 399 2335 ad
427 2274 516 2354 patris
548 2291 655 2355 preces
685 2276 808 2356 lubens,
845 2284 875 2340 et
909 2284 1023 2353 umen,
1056 2283 1155 2357 utpote
1185 2276 1289 2339 barum
1318 2276 1488 2356 inexpertus

255 2399 371 2463 rerum,
402 2382 644 2463 haesitabundus,
678 2387 748 2467 quin
780 2393 882 2449 contra
914 2393 1012 2449 votum
1040 2393 1071 2448 et
1098 2385 1279 2448 voluntatem
1307 2389 1488 2464 susceperat

256 2508 354 2572 neque
378 2499 460 2556 certe
480 2492 585 2559 luisset
606 2495 754 2560 subiturus
775 2503 824 2559 aut
845 2495 988 2578 perficere
1006 2495 1154 2574 valuisset,
1176 2496 1206 2557 ni
1221 2495 1276 2576 ipsi
1290 2492 1489 2575 Boeclringius

257 2618 341 2664 meus
362 2607 392 2664 et
413 2619 518 2665 suasor
542 2605 688 2667 extitisset
716 2612 746 2666 et
774 2606 845 2668 artis
873 2605 1076 2687 diplomaticae
1106 2612 1281 2686 praeceptor
1309 2602 1490 2666 benevolen-

255 2710 393 2773 tissimus.
438 2711 488 2776 Sic
509 2711 586 2776 facili
609 2715 730 2797 negotio
751 2715 889 2797 felicique
912 2723 1020 2778 eventu
1041 2717 1079 2778 ita
1102 2714 1271 2796 perfunctus
1293 2720 1340 2776 est
1356 2712 1404 2775 illa
1421 2729 1488 2793 pro-

258 2821 353 2884 vincia
381 2820 436 2884 sibi
471 2821 660 2902 demandata,
693 2833 724 2887 ut
752 2843 790 2888 ex
817 2826 909 2906 ipsius
937 2825 1055 2888 schedis
1083 2825 1131 2887 vel
1160 2823 1382 2888 minutissimam
1410 2819 1489 2884 Pari·

256 2930 363 2993 sicnsis
385 2931 495 2995 codicis
516 2933 644 2996 reddare
665 2936 777 3015 possim
798 2937 959 3013 rationem,
981 2936 1116 3016 interque
1133 2933 1333 2998 Bemardinae
1355 2949 1489 2995 summae

254 3040 458 3104 recensendae
480 3059 566 3106 curas
586 3043 652 3106 libri
673 3043 751 3107 illius
774 3045 961 3126 manuscripti
977 3043 1041 3108 tere
1056 3044 1176 3124 nullum,
1199 3051 1229 3108 at
1242 3049 1381 3126 quantum
1394 3042 1488 3122 ipsius

256 3147 306 3212 tilii
328 3149 398 3213 mibi
418 3158 518 3214 natum
538 3153 576 3215 sit
597 3152 787 3218 desiderium.

338 3259 423 3324 Extat
445 3261 565 3326 Summa
585 3263 616 3324 in
637 3281 674 3326 eo
695 3263 851 3328 latinorum
871 3263 1012 3326 librorum
1034 3263 1296 3344 manuscriptorum
1326 3257 1489 3340 volumine,

256 3369 336 3450 quod
356 3389 434 3434 nunc
454 3373 572 3453 iamque
592 3372 668 3436 illius
691 3375 744 3436 viri
766 3381 878 3454 aetate,
909 3373 959 3455 qui
987 3379 1055 3436 ante
1081 3389 1153 3454 nos,
1183 3371 1247 3436 scil.
1268 3371 1310 3434 La
1331 3370 1417 3432 Parte
1452 3369 1491 3432 du

256 3479 357 3559 Tbeil,
387 3480 425 3543 de
454 3482 519 3562 ipso
547 3484 625 3564 egit,
655 3482 706 3546 Nr·
727 3484 810 3551 3934
832 3487 860 3545 A
889 3485 1035 3566 signatum
1065 3489 1121 3546 est.
1164 3481 1295 3545 Priorum
1323 3487 1490 3560 temporum

256 3588 332 3652 liber
352 3590 448 3652 adbuc
469 3589 525 3654 lert
545 3599 645 3673 notas3
667 3611 735 3656 nam
753 3595 882 3674 primum
892 3591 1002 3671 lolium,
1026 3597 1143 3672 praeter
1163 3593 1249 3674 signa
1273 3590 1362 3668 „bibl
1383 3591 1490 3670 regia“

258 3705 289 3760 et
306 3697 465 3774 ‚,1tr.9tt“
489 3701 575 3764 lineis
597 3701 781 3783 superductis
802 3702 907 3780 deleta,
937 3702 1024 3764 ctiam
1052 3700 1128 3764 baec
1153 3701 1286 3764 exbibet:
1313 3698 1401 3776 „Cod
1423 3697 1493 3762 Col·

258 3807 334 3872 bert.
349 3808 448 3877 1568“
465 3818 553 3892 atque
570 3811 772 3894 „Godregius
787 3802 896 3912 epota
940 3811 1027 3874 cuius
1050 3827 1122 3873 vero
1143 3809 1213 3874 olim
1235 3810 1322 3874 luerit
1344 3807 1444 3872 codex
1465 3814 1495 3871 et

258 3918 336 3982 unde
358 3921 474 3984 venerit
494 3920 636 3984 Lutetiam
658 3919 845 4000 Parisiorum,
867 3937 965 4002 nequa
986 3927 1105 3983 enarrat
1125 3919 1166 3983 Lo
1182 3919 1270 3984 Porte
1291 3937 1390 4001 neque
1411 3923 1494 3998 patet

259 4045 298 4092 ax
318 4028 408 4110 libro,
429 4031 626 4111 inscriptionis
648 4031 727 4093 enim
749 4047 839 4111 super
854 4029 970 4093 verbis:
995 4027 1102 4105 „Liber
1122 4031 1251 4112 primus“
1276 4027 1360 4092 solt
1383 4027 1494 4092 obviae

259 4137 354 4201 solum
368 4140 498 4205 initium:
524 4140 600 4216 „lste
615 4139 707 4202 liber“
724 4138 870 4219 rebquum
885 4146 941 4218 est,
964 4140 1073 4204 ceteris
1092 4141 1118 4203 si
1138 4157 1198 4202 non
1220 4137 1354 4202 consulto
1376 4137 1494 4218 deletis,

259 4256 341 4311 certe
355 4267 416 4311 non
429 4250 554 4331 amplius
568 4249 739 4330 perspicuis,
762 4265 829 4311 oum
844 4265 967 4330 magnas
982 4265 1078 4330 aquae
1092 4248 1193 4313 lituras
1206 4249 1236 4312 in
1251 4247 1302 4312 illa
1321 4247 1388 4310 libri
1409 4256 1494 4329 parte

258 4358 380 4422 subierit
401 4359 580 4422 membrana.
623 4357 775 4437 Omnium,
805 4375 882 4438 quae
908 4359 966 4422 isto
993 4359 1067 4420 varii
1094 4359 1261 4441 argumenti
1289 4364 1319 4420 et
1346 4359 1495 4422 maximae

260 4467 375 4532 formae
404 4468 554 4531 volumine
582 4468 768 4530 continentur
796 4468 919 4549 scripta,
952 4485 1061 4549 agmen
1091 4466 1170 4531 ducit
1196 4466 1337 4532 Bomardi
1367 4485 1494 4547 summa,

262 4578 330 4640 inde
351 4595 369 4639 a
390 4575 440 4639 fol.
465 4580 480 4641 t
508 4595 603 4660 usque
630 4576 680 4642 fol.
695 4577 763 4643 20⁸.
810 4578 1025 4652 Quaternamrn
1053 4578 1253 4642 columnarum
1282 4583 1350 4642 sunt
1376 4578 1494 4660 singula
