3098 5184
555 220 787 279 EDI'I'ORIS.
1194 220 1293 279 XLIII

87 393 132 476 his,
151 413 219 478 qnae
238 395 277 459 ad
295 395 383 460 linem
404 413 536 462 summac
557 397 712 480 leguntur,
737 406 839 481 utpote
859 415 936 479 quae
958 397 994 460 ad
1014 396 1109 480 ipsam
1131 396 1292 460 emendan-

88 507 138 568 dam
156 505 199 568 vel
219 505 322 568 melius
343 507 563 589 intelligendam
586 508 751 572 nullatenus
773 515 925 591 spectent,
952 513 1040 588 atque
1062 506 1118 570 alia
1139 507 1196 570 alio
1217 515 1293 570 tem·

85 633 143 696 pore
160 633 210 696 pro
230 615 320 678 lubitu
334 617 488 680 videantur
510 618 616 682 addita.
659 617 815 700 Reliquum
838 625 899 697 est,
921 625 952 680 ut

150 731 179 800 c)
207 725 243 788 de
271 727 358 788 tertio
388 726 531 809 quaedum
560 727 731 792 adiiciamus
760 727 864 790 codice
890 725 1062 790 Monacensi
1083 727 1103 789 i.
1125 745 1152 790 e.
1182 726 1220 790 de
1244 743 1293 801 eo,
1395 777 1399 787 ,

81 837 178 917 quiex
202 835 325 899 Abbatia
347 836 667 920 windbergensi,
697 838 767 902 Ord.
789 837 1140 916 Praemonstratensinm,
1169 835 1292 900 ducatus

80 945 194 1010 Bararici
213 944 371 1025 inferioris,
394 964 459 1009 curn
474 947 539 1012 aliis
553 948 644 1029 libris,
666 951 743 1012 inter
758 967 833 1030 quos
848 947 899 1010 Nr.
912 947 971 1013 lot
985 953 1168 1024 recensetur,
1192 945 1293 1008 Mona·

80 1073 149 1133 cum,
174 1055 355 1138 nescioquo
376 1063 528 1138 tempore,
559 1059 732 1138 bausletus,
761 1076 839 1120 nuuc
865 1059 942 1122 inter
962 1056 1076 1138 Regiae
1098 1055 1294 1120 bibliothecae

79 1165 181 1230 codices
206 1165 312 1229 latinos
341 1166 395 1228 sub
422 1165 474 1228 Nr.
497 1167 600 1234 22304
633 1175 810 1233 asservatur.
860 1167 1068 1230 Miscellaueus
1101 1167 1150 1248 qui
1179 1166 1293 1244 dicitnr,

78 1273 126 1334 isto
145 1281 187 1337 est
206 1274 319 1354 codex,
350 1277 472 1340 minoris
500 1277 630 1357 formae,
660 1278 796 1342 foliorum
811 1277 890 1358 230,
913 1277 1055 1359 pluraque
1078 1295 1174 1360 eaque
1196 1275 1294 1340 diaer-

77 1383 175 1446 sissima
202 1385 334 1448 continet
361 1388 484 1468 scripta,
514 1388 543 1450 in
570 1405 660 1450 uuum
686 1389 743 1450 iam
767 1387 960 1469 abantiquo,
989 1388 1030 1450 uti
1059 1406 1097 1450 ex
1119 1386 1296 1468 compagine

77 1500 189 1573 apparet,
212 1494 352 1557 volumen
375 1497 516 1560 coniecta.
548 1497 673 1561 Primam
688 1504 800 1578 partem
823 1496 1016 1576 (ioli-79)
1038 1497 1092 1562 sub
1115 1496 1172 1559 boc
1193 1494 1294 1558 titulo:

77 1603 173 1681 incipit
192 1607 280 1683 tiber,
311 1612 363 1685 quc·
384 1609 494 1670 dicitcr
518 1610 600 1686 Ode,
630 1607 776 1669 constituit
801 1625 927 1689 magnus
954 1624 1094 1670 numerus
1123 1621 1294 1671 sermonum

78 1729 123 1774 seu
146 1713 364 1778 meditationum
394 1715 431 1779 de
460 1717 549 1779 variis
578 1716 653 1780 Novi
683 1716 863 1780 Testamenti
891 1717 984 1799 locis,
1018 1733 1087 1779 mox
1118 1713 1294 1778 intermissis

76 1820 154 1886 tribus
173 1823 251 1888 foliis
272 1825 408 1888 binarum
430 1825 648 1906 columnarum,
672 1845 749 1909 quae
771 1827 888 1890 diversa
910 1825 1048 1889 notabilia
1070 1825 1106 1888 ab
1128 1825 1184 1888 alia
1206 1841 1296 1887 manu

79 1934 227 2015 conscripta
256 1933 413 2014 exhibent,
442 1935 511 2000 inde
533 1956 549 2000 a
571 1936 622 2000 iot.
637 1937 679 2003 at
710 1937 853 2000 Bernardi
875 1938 1007 2017 sequitur
1028 1953 1159 2016 summa,
1183 1941 1244 1998 tum
1266 1934 1296 1996 io

77 2039 316 2126 ordeo-145,
338 2046 502 2126 praemissa
527 2045 643 2128 singula
665 2045 826 2128 theologici
848 2047 1015 2128 argumenti
1037 2046 1221 2128 quaestione,
1245 2061 1296 2107 oc·

78 2153 151 2216 currit
169 2155 273 2218 incerti
297 2156 424 2219 auctoris
445 2155 562 2218 libellus
586 2156 642 2232 „de
663 2156 855 2219 tabernaculo
877 2155 1009 2239 Moysi“;
1030 2155 1109 2218 hunc
1130 2174 1147 2218 a
1169 2153 1218 2218 iol.
1237 2154 1298 2220 146

76 2262 164 2342 excipit
184 2262 222 2326 de
244 2264 362 2328 duobus
383 2265 542 2328 iudiciariis
564 2265 715 2328 ordinibus
737 2272 885 2345 tractatus,
908 2285 925 2328 a
947 2264 1100 2346 theologo,
1124 2263 1205 2346 quod
1226 2263 1299 2328 mihi

77 2370 189 2452 uidetur,
218 2375 421 2456 conscriptus,
450 2394 517 2440 cum
539 2395 683 2458 nusquam
703 2375 740 2439 ad
760 2377 832 2439 ioris
855 2375 949 2439 civilis
970 2376 1018 2440 vel
1041 2375 1175 2438 canonici
1199 2373 1296 2438 fontes

76 2482 234 2561 semileter,
258 2484 486 2568 sicincipiens:
509 2490 581 2550 Duo
602 2497 671 2548 sont
692 2489 847 2550 iudiciaria·
864 2488 992 2564 ordines,
1014 2507 1095 2549 unus
1110 2489 1145 2548 de
1166 2489 1298 2565 occultis,

77 2593 142 2654 abac
164 2597 198 2656 de
227 2597 410 2675 manifestio,
438 2615 518 2658 coca
543 2600 578 2659 de
606 2599 717 2674 dubiis,
747 2599 826 2658 altor
854 2598 890 2658 de
917 2601 1003 2660 certis
1033 2597 1208 2658 criminibus
1228 2605 1300 2674 clep

76 2698 160 2764 olbmo
186 2703 307 2768 taudem
337 2704 404 2768 loco
427 2706 445 2767 i.
470 2723 497 2768 c.
528 2707 558 2768 in
588 2703 823 2772 t01.155-300
850 2705 977 2787 legimus
998 2704 1111 2768 titulum
1134 2703 1171 2767 de
1193 2705 1295 2785 poeni-

75 2811 156 2874 tentiis
172 2820 200 2876 et
213 2813 441 2878 remissionibus
457 2833 496 2876 ex
516 2833 615 2892 aurea,
639 2833 714 2897 quae
732 2815 844 2894 dicitur,
866 2814 1031 2878 Hostiensis
1056 2834 1146 2898 super
1161 2815 1295 2878 decreta·

76 2917 137 2982 libus
156 2940 283 2986 summa.
325 2923 392 3004 lpse
421 2923 562 2988 Bemardi
589 2943 720 3003 summa,
750 2943 826 3006 quae
854 2922 918 2986 sola
946 2931 977 2987 ut
1005 2925 1101 3006 paullo
1132 2925 1296 2988 accuratius

77 3027 243 3095 describatur
263 3051 394 3097 necesse
416 3042 476 3111 est,
498 3035 688 3116 inscriptione
711 3035 848 3099 destitute
870 3041 931 3113 est,
961 3034 1067 3099 sedin
1096 3033 1224 3100 tct.130
1245 3031 1297 3096 ad·
1335 3057 1338 3062 ·

77 3147 130 3202 sunt
148 3142 251 3224 iidem,
283 3144 333 3224 qui
354 3145 384 3207 in
405 3144 469 3210 aliis
491 3145 659 3226 codicibus,
689 3162 794 3208 versus
816 3143 978 3208 indicentes
1000 3152 1166 3222 auctorem,
1190 3142 1296 3226 quibus

76 3245 104 3309 ab
122 3250 239 3335 eadem,
263 3271 342 3336 quae
364 3255 394 3316 in
416 3273 548 3318 summae
570 3261 652 3318 textu
673 3253 760 3317 obuia
782 3261 845 3333 est,
868 3273 957 3316 manu
978 3253 1107 3317 additum
1128 3260 1190 3317 cst:
1215 3252 1292 3332 ,Err-

76 3357 141 3435 plicit
158 3361 263 3425 liber“.
309 3363 384 3426 llinc
405 3363 523 3426 dubium
546 3382 615 3428 esse
636 3364 754 3445 nequit,
778 3363 857 3446 quod
878 3369 908 3427 et
931 3382 969 3427 ex
989 3366 1152 3446 scripturae
1174 3363 1297 3428 diversi-

76 3472 122 3530 tate
142 3472 365 3554 comprobatur,
395 3455 465 3554 quin
490 3491 550 3536 nou
571 3480 630 3536 tam
658 3473 695 3535 ad
717 3491 860 3536 summam
889 3475 1044 3550 attineant,
1074 3475 1166 3538 seda
1188 3473 1296 3538 seriori

77 3595 149 3642 rtranu
169 3582 285 3646 adiecta
306 3583 379 3662 sint,
410 3599 486 3664 quae
508 3583 538 3644 in
560 3581 661 3644 ultimo
683 3582 777 3644 ultimi
799 3585 1001 3664 quaternionis
1022 3584 1112 3665 folio,
1136 3584 1198 3649 scil.
1223 3583 1293 3664 131,

76 3686 194 3755 adnotata
222 3693 364 3775 leguntur
388 3699 448 3755 tum
472 3691 509 3754 ad
530 3691 596 3755 illos
618 3693 788 3756 notissimos
820 3692 858 3755 de
880 3693 1056 3756 matrimonii
1078 3694 1295 3776 impedimentis
1392 3700 1398 3713 ’

77 3813 165 3862 versus
186 3801 394 3866 memoriales:
416 3805 524 3880 Error,
541 3805 672 3865 conditio
684 3813 748 3881 etc,
770 3809 830 3864 tum
853 3802 890 3865 ad
905 3805 1003 3866 uarios
1018 3804 1056 3868 de
1070 3806 1188 3868 testium
1204 3802 1295 3886 quali·

75 3909 123 3968 tate
141 3911 321 3991 versiculos,
345 3929 468 3993 quorum
491 3911 540 3974 alii
562 3913 591 3974 in
612 3913 674 3993 ipsa
696 3910 876 3974 Bernardioa
898 3931 1011 3976 summa
1033 3913 1069 3976 ad
1091 3915 1133 3978 tit.
1157 3914 1193 3977 de
1214 3913 1296 3976 testi-

75 4011 120 4078 bus
139 4028 311 4102 oocurrunt,
344 4021 392 4084 alii
413 4021 449 4084 ab
471 4020 535 4085 aliis
558 4020 771 4102 glossatoribus
786 4021 828 4098 ⁸⁷)
850 4022 1010 4086 traduntur.
1054 4023 1295 4098 Quaternionum,

75 4139 183 4202 quorum
205 4137 275 4193 sunt
297 4148 361 4211 sex,
384 4130 503 4195 ultimae
522 4132 649 4214 paginae
671 4151 724 4213 per
744 4139 837 4196 totum
859 4131 965 4196 librum
983 4131 1124 4198 exhibent
1139 4131 1295 4214 custodes;

156 4293 177 4330 ἱ

81 4331 340 4350 *Ἢ

107 4437 126 4469 ar
175 4443 180 4454 ·
272 4444 278 4456 ·
338 4459 345 4472 .

127 4445 137 4502 i
154 4439 197 4494 8¹⁰
215 4443 344 4498 andlunt·
414 4530 519 4584 omnnio,
534 4541 612 4583 aaut,
626 4532 699 4585 utus,
714 4529 826 4584 discretio,
836 4531 918 4584 foma,

412 4603 441 4648 lit
449 4605 557 4660 forban,
567 4603 636 4662 fides,
651 4604 673 4648 la
688 4605 775 4651 testibus
788 4604 831 4650 otc
844 4604 948 4661 reqaalreo.
