3062 5174
209 183 269 249 358
521 189 571 244 DE
602 187 734 257 ANTIQ.
767 187 974 246 complana.
1005 189 1089 246 E'l'G.

209 368 358 438 processit.
402 366 549 424 Postremo
571 368 672 439 quinta
697 367 865 440 compilatio
892 383 945 438 per
966 369 1168 424 Honorium
1189 368 1241 424 111.
1270 370 1354 424 iacta
1383 370 1457 437 iuit3

210 471 239 520 et
264 466 290 520 si
317 479 366 534 ea,
399 479 472 535 quae
500 465 654 537 praemisi,
686 463 760 520 bena
788 463 962 532 attenderis,
995 471 1059 521 octo
1090 465 1312 535 compilationes
1342 467 1456 536 poteris

213 561 362 631 invenire3
397 561 463 646 ideo
497 561 571 618 bene
607 560 798 634 congruebat,
833 568 866 616 ut
896 560 1051 634 Gregorius
1072 561 1122 616 IX.
1155 564 1262 618 laceret
1292 578 1372 633 opus
1403 577 1455 617 no·

214 675 283 716 vum
305 666 357 716 etc.
381 665 435 716 etc.

471 929 525 1006 D.
584 925 825 1010 lllclllllll
864 926 1186 1012 Blllolllllsm

211 1100 250 1168 ln
280 1098 439 1184 speculi
471 1095 716 1165 doctrinalis
744 1097 820 1166 lta.
842 1095 910 1165 llll.
940 1115 965 1166 o.
987 1098 1042 1166 lta
1084 1100 1132 1168 lle
1164 1098 1459 1183 oonpllatlone

343 1207 698 1290 extravagantlum
730 1209 768 1276 et
800 1207 1108 1277 adbreviatlone
1138 1223 1266 1278 aarum
1288 1210 1326 1292 ⁵).

294 1396 350 1452 Sed
371 1411 435 1451 oum
460 1396 558 1450 omnia
584 1411 643 1449 non
671 1402 790 1467 possent
816 1396 847 1448 in
877 1411 996 1466 corpore
1025 1395 1202 1453 decretorum
1231 1397 1456 1467 comprehendi,

211 1501 278 1567 post
297 1493 531 1565 compilationem
550 1494 680 1563 ipsorum
695 1495 799 1547 laetam
815 1508 832 1546 a
846 1491 983 1548 Gratiano
1006 1495 1113 1562 multae
1135 1479 1457 1565 decretales‘epistolae

212 1592 380 1648 aRomana
407 1593 488 1648 ouria
516 1597 738 1658 emanaverunt,
768 1605 890 1660 quarum
920 1597 1048 1662 tempore
1068 1590 1231 1646 Alexandri
1259 1590 1374 1660 primus
1404 1593 1458 1646 fnit

213 1686 405 1765 B(ernardus)
437 1687 643 1759 Papieusia
671 1687 853 1758 praepositus
882 1695 909 1741 et
936 1687 1022 1742 etiam
1056 1687 1263 1742 subtilissimus
1292 1687 1456 1756 ordinator,

214 1803 287 1860 quae
322 1787 417 1857 prima
451 1785 618 1856 compilatio
660 1784 805 1854 appellari
847 1783 967 1840 solebat.
1025 1783 1158 1840 Secundo
1193 1791 1323 1856 tempore
1362 1787 1460 1842 Coele-

215 1885 286 1940 atini
313 1890 341 1939 et
367 1883 479 1938 Urbani
511 1884 672 1938 Ioannes
701 1880 882 1936 Gelensis
912 1881 1058 1952 quandam
1088 1881 1182 1938 edidit
1210 1882 1457 1952 compilationem,

215 1997 289 2054 quae
319 1981 432 2036 solebat
463 1979 590 2036 secunda
621 1979 789 2048 compilatio
818 1979 880 2034 siva
911 1979 1055 2036 secundae
1082 1979 1253 2048 nuncupari.
1302 1979 1361 2034 Sed
1392 1981 1459 2051 quia

215 2076 357 2152 quaedam
378 2076 534 2133 decretales
556 2075 774 2147 reperiebantur
794 2077 825 2130 iu
848 2076 929 2145 illis,
952 2092 1023 2148 quas
1038 2076 1168 2132 Romana
1182 2076 1262 2131 ouria
1276 2091 1337 2131 non
1352 2093 1458 2148 appro-

214 2175 283 2244 bat,
314 2175 383 2230 idco
410 2175 664 2229 Innocentius
685 2172 736 2226 111.
769 2188 821 2242 per
843 2173 875 2226 Β.
905 2167 997 2246 (sicl)
1025 2174 1339 2229 Beneventanum
1372 2174 1460 2230 aliam

215 2273 284 2328 lecit
305 2273 539 2342 compilationem
561 2269 677 2338 dehis,
704 2285 776 2342 quae
798 2275 816 2323 al
835 2271 982 2341 principio
1005 2287 1072 2326 suae
1096 2270 1286 2342 promotionis
1307 2271 1460 2342 usquead

216 2370 274 2426 XII
288 2385 394 2424 annum
416 2371 446 2424 in
468 2384 519 2423 suo
542 2367 764 2424 continebantur
784 2368 914 2438 registro,
938 2375 966 2423 et
987 2369 1173 2440 quaestiones
1195 2363 1268 2440 (siai
1290 2371 1462 2423 constitutio-

215 2464 324 2540 ar'barl)
341 2481 411 2537 quas
426 2467 457 2520 in
473 2465 600 2537 generali
616 2465 741 2520 concilio
756 2465 960 2536 promulgavit,
984 2481 1057 2536 quae
1072 2466 1157 2520 tertia
1177 2471 1204 2518 et
1226 2473 1332 2534 quarta
1355 2468 1463 2538 compi·

217 2565 341 2619 lotiones
363 2562 595 2634 appellabantur.
639 2561 751 2616 Deinde
773 2569 917 2618 crescente
937 2562 1089 2616 hominum
1110 2561 1297 2617 multitudine
1320 2569 1351 2616 et
1370 2579 1401 2618 se
1422 2565 1463 2617 in-

218 2661 308 2716 finitis
338 2660 556 2731 quaestiouibus
585 2657 880 2730 cavillationibusque
908 2659 1105 2727 immiscente,
1138 2665 1264 2730 tempore
1296 2659 1462 2716 Honorii

217 2758 313 2828 Papae
334 2757 411 2811 iacta
432 2757 486 2811 luit
515 2756 655 2828 quaedam
685 2756 870 2826 compilatio,
903 2771 977 2827 quae
999 2757 1103 2828 quinta
1124 2772 1174 2812 aen
1195 2757 1365 2812 Honoriana
1387 2757 1461 2812 dice·

217 2854 311 2909 batur.
354 2853 462 2910 Verum
476 2869 549 2910 ,eum
571 2870 627 2910 uon
651 2853 756 2908 debeat
778 2853 1006 2923 reprehensibile
1027 2853 1169 2919 indicari,
1199 2855 1225 2908 si
1245 2869 1299 2924 pro
1321 2855 1460 2910 varietata

215 2958 376 3020 temporum
398 2956 503 3006 statuta
525 2949 697 3022 quandoque
719 2951 867 3006 varientur
888 2951 1023 3024 humana,
1037 2991 1043 3004 .
1057 2991 1064 3006 .
1078 2991 1084 3005 .
1098 2990 1105 3004 .
1128 2950 1304 3006 adveniente
1318 2967 1401 3007 novo
1414 2953 1460 3008 bo·

218 3049 295 3103 mine
309 3049 328 3101 i.
342 3065 365 3102 e.
382 3047 582 3120 Gregorio,
604 3086 670 3102 ....
695 3047 850 3103 decretales
871 3065 888 3101 a
902 3047 1170 3119 praedecessoribus
1192 3048 1251 3102 suis
1272 3049 1456 3119 compilatas,

219 3145 394 3200 removendo
415 3145 557 3216 superflua
577 3152 604 3200 et
624 3144 805 3200 membranas
827 3146 932 3200 frustra
954 3147 1136 3216 occupantia,
1160 3145 1340 3212 decurtavit,
1366 3147 1459 3200 iniun-

221 3257 289 3314 gens
315 3258 401 3312 super
428 3242 483 3298 hoo
513 3242 595 3298 fratri
617 3242 790 3314 Raymuada
818 3243 1041 3313 poenitentiario
1071 3258 1138 3310 sno,
1168 3252 1200 3296 ut
1220 3241 1256 3297 de
1277 3243 1459 3313 compilatio

223 3339 309 3422 nibus
340 3338 485 3394 veteribus
517 3340 736 3396 constitutiones
765 3340 882 3396 eliceret
909 3341 1043 3396 meliores
1071 3341 1103 3394 in
1133 3339 1355 3396 consonantiam
1384 3341 1462 3395 lucu·

224 3436 332 3494 lentam
353 3443 406 3494 etc.
428 3443 481 3492 eto.

559 3681 609 3758 E.
659 3677 892 3763 oolllllltll
928 3677 1131 3764 batillis

266 3849 305 3917 ln
332 3849 485 3933 speculi
515 3849 726 3918 lullolalls
758 3852 806 3918 al
835 3850 942 3918 lari.
970 3849 1204 3918 ottobonum
1235 3847 1424 3933 epistola

686 3959 945 4028 dedicatoria
965 3957 1001 4040 ⁶).

374 4145 506 4204 Ecclesia
520 4147 580 4204 Deo
602 4153 719 4204 anctore
740 4153 884 4204 crescente
905 4146 1102 4220 gradibusque
1123 4161 1157 4201 ac
1179 4143 1334 4202 ordinibus
1355 4146 1411 4201 rita
1432 4147 1462 4200 in

225 4260 260 4302 aa
274 4244 439 4318 dispositis,
461 4261 527 4302 cum
548 4284 594 4301 ...
616 4247 665 4302 lex
678 4259 736 4300 non
751 4247 894 4302 sufficerat
907 4245 1093 4320 Evangelica,
1113 4283 1159 4299 ...
1182 4249 1240 4300 tam
1253 4241 1291 4298 ab
1306 4243 1459 4314 Apostolir

226 4493 280 4542 not.
292 4486 327 4544 2³
345 4494 472 4542 recenset.
527 4488 550 4552 ⁶)
570 4486 628 4541 Hoc
647 4488 809 4556 capitulum,
828 4487 972 4554 quodiam
991 4487 1209 4541 commemoravit
1225 4483 1404 4553 Phillipsins,
1423 4485 1461 4538 ln·

231 4559 359 4627 seriptum
383 4564 438 4612 est:
473 4557 515 4610 Ex
532 4575 623 4608 ramma
640 4557 669 4608 de
687 4558 781 4610 casibus
802 4557 969 4618 decretalium
993 4572 1062 4625 quae
1087 4557 1164 4610 cuius
1192 4557 1239 4622 sit,
1257 4559 1284 4608 et
1308 4571 1344 4608 an
1368 4555 1461 4608 eadem
