3062 5174
205 179 265 244 360
513 182 563 237 DE
595 180 727 249 ANTIQ.
761 179 967 236 ooMPILAu.
998 181 1083 238 E'I'G.

202 365 476 430 Vulterannm,
515 362 666 432 antiquum
695 359 930 414 Beruardum
961 361 1336 434 compostellanum,
1373 363 1450 419 Ru·
1514 312 1516 371 d

203 464 339 530 linum,
376 461 622 527 silvestrum,
661 456 882 524 Ricardum,
920 456 1157 529 Rcdoycum,
1196 459 1352 516 Petrum
1384 463 1445 516 lli·

203 575 378 630 spannm,
413 554 679 624 Bertrandum,
714 554 926 623 Damasum,
962 553 1140 624 Alanum,
1176 557 1444 626 Laurentium,

202 656 468 721 vincentium,
511 653 688 708 Ioannem
724 651 1017 720 Theotonicum,
1054 651 1307 723 Tancredum,
1355 655 1445 711 Gui-

202 753 355 808 lelmum
385 750 583 820 Nasonem,
620 749 796 806 Iacobum
826 747 869 804 do
898 747 1088 822 Albenga,
1127 749 1162 805 de
1196 766 1319 821 quorum
1355 769 1445 824 appa·

204 850 330 918 ratibus,
363 849 478 919 scriptis
516 855 545 903 et
578 839 840 919 reportationibus,
875 846 1024 918 aliquibus
1059 845 1183 916 additia,
1219 847 1443 906 Bernardnr

203 947 419 1002 Parmensis
454 944 609 999 canonicus
641 944 832 1000 Bononiensis
867 960 954 1016 super
987 945 1041 1000 hac
1077 945 1281 1016 compilatione
1317 963 1446 1020 appara·

203 1053 280 1113 tum,
311 1060 367 1115 qno
395 1058 472 1098 nunc
499 1042 622 1109 utimur,
658 1042 907 1113 compilavit.
958 1043 1078 1098 Domum
1108 1046 1344 1114 contemporanei
1377 1047 1445 1102 Ber-

202 1140 289 1195 nardi
317 1143 435 1211 eiusque
463 1153 598 1210 sequaces
629 1154 715 1209 super
742 1139 797 1194 hac
825 1140 1031 1210 compilatione
1063 1139 1240 1208 scripserunt
1269 1143 1445 1211 profundis·

202 1240 291 1292 simae
306 1239 443 1293 scientiae
458 1244 564 1307 patres,
586 1236 649 1290 scil.
665 1236 830 1306 praedictus
849 1236 1092 1305 Vincentius,
1117 1236 1186 1291 Gai
1192 1237 1332 1308 fredus,
1359 1239 1444 1296 Pli-

201 1331 393 1408 lippus⁸),
426 1334 693 1401 Innocentius,
726 1334 960 1402 Hostiensia,
994 1334 1126 1390 Petrus
1155 1333 1197 1389 de
1225 1337 1441 1407 sampsone,

200 1433 344 1501 Abbas,
366 1430 584 1487 Bernardus
607 1430 953 1502 Gompoatellanus,
976 1432 1028 1502 qui
1049 1431 1152 1486 divina
1171 1431 1361 1502 providentia
1384 1451 1440 1490 non

201 1531 333 1601 perfecit,
354 1529 514 1602 E'gidius
536 1529 804 1596 Bononiensis,
827 1528 1050 1599 Bonaguida
1071 1527 1113 1582 de
1134 1528 1267 1584 Aretio
1289 1537 1317 1584 et
1335 1531 1441 1586 Fran-

202 1629 329 1682 ciscus
350 1625 624 1682 vercellensis.
668 1626 776 1681 Horum
805 1632 899 1680 antem
928 1626 1036 1696 scripta
1056 1627 1123 1696 plus
1152 1641 1238 1697 quam
1260 1629 1440 1700 octingenta·

202 1742 266 1780 rum
295 1723 446 1794 pacianum
476 1737 626 1778 numerum
656 1723 864 1790 ascenderunt,
901 1723 943 1778 ita
974 1723 1054 1794 quod
1084 1731 1199 1794 praeter
1229 1724 1288 1779 alia
1321 1729 1439 1795 scripta,
1516 1719 1517 1724 ’

202 1837 275 1892 quae
306 1837 363 1876 non
395 1835 446 1890 per
477 1820 593 1876 modum
625 1828 815 1891 apparatuum
849 1828 1060 1889 manaverunt,
1097 1822 1269 1891 computatis
1300 1821 1442 1876 Bernardi

202 1925 230 1974 et
262 1917 515 1988 praedecessorum
549 1917 755 1988 apparatibus,
797 1917 863 1988 plna
900 1931 986 1987 quam
1019 1917 1101 1972 mille
1135 1919 1232 1988 pecias
1267 1917 1439 1988 scriptorum

202 2015 367 2071 habuimus.

331 2238 355 2292 h.
397 2235 440 2295 ad
468 2234 576 2308 epist.
604 2232 776 2307 Gregorii
803 2235 862 2290 Rea
884 2237 1017 2308 pacificae
1046 2254 1073 2292 v.
1103 2238 1312 2308 compilationes.

285 2427 338 2442 ...
365 2386 438 2442 Nam
459 2393 525 2458 post
545 2386 782 2456 compilationem
803 2386 918 2442 Decreti
939 2387 1044 2441 iactam
1066 2403 1082 2442 a
1103 2386 1240 2442 Gratiano
1261 2381 1373 2441 multae
1396 2385 1442 2441 de·

198 2485 318 2540 eretales
347 2485 486 2554 epistolae
515 2489 719 2538 emanaverunt
741 2484 875 2551 acutia,
897 2483 1060 2555 dequibus
1090 2483 1308 2539 Bernardua
1335 2485 1440 2539 circa

198 2579 269 2654 (leg.
292 2578 367 2654 tone)
388 2580 541 2652 Papiensis
562 2581 761 2651 praepositus,
783 2589 884 2650 postea
903 2581 1081 2638 Faventinus
1103 2583 1271 2653 episcopus,
1293 2582 1364 2637 fecit
1385 2583 1443 2653 pri·

198 2695 273 2734 mam
295 2679 538 2749 compilationem,
561 2675 704 2748 quaedam
725 2679 845 2749 antiqua
859 2678 930 2732 iura
947 2679 1154 2735 interserendo.
1187 2679 1256 2734 Post
1268 2679 1355 2733 illam
1370 2680 1444 2733 aliae

200 2775 357 2830 decretales
385 2774 422 2829 ab
450 2775 517 2829 aliis
542 2774 720 2845 Apostolicia
750 2781 957 2844 manaverunt,
1000 2775 1035 2831 de
1064 2777 1171 2847 quibus
1200 2774 1442 2831 Gillibertns

198 2873 268 2928 iecit
288 2873 392 2940 aliam,
420 2879 488 2943 post
509 2872 594 2926 illum
613 2872 762 2926 Alanus
785 2872 872 2926 aliam
895 2873 976 2940 fecit,
1000 2871 1036 2926 de
1057 2872 1165 2944 quibus
1186 2873 1351 2928 Ioannes
1375 2871 1442 2926 Ga-

197 2970 318 3024 lensis
341 2985 426 3024 unam
448 2967 516 3024 fecit
537 2969 781 3039 compilationem,
804 2984 878 3040 quae
899 2969 970 3024 olim
992 2975 1055 3024 erat
1076 2970 1220 3038 secunda,
1243 2975 1270 3024 et
1290 2969 1441 3024 dicebatur

198 3067 294 3136 prima
313 3065 390 3120 liber
410 3067 537 3136 prImus,
565 3063 693 3121 secunda
720 3067 889 3137 compilatio
917 3065 993 3122 liber
1017 3065 1169 3122 secundus.
1213 3065 1438 3121 Bernartius

200 3169 294 3218 autem
315 3163 537 3219 archidiaconns
559 3163 817 3233 compostellanus,
841 3179 951 3218 moram
972 3164 1087 3218 trahens
1110 3165 1139 3218 in
1156 3164 1245 3235 curia,
1268 3163 1305 3218 de
1321 3165 1440 3236 registro

200 3259 429 3316 innocentiiIlI.
453 3260 605 3315 extrahens
627 3259 768 3331 quasdam
790 3259 951 3316 decretales
973 3259 1009 3316 de
1029 3261 1092 3314 illis
1121 3275 1207 3316 unam
1233 3261 1303 3316 iecit
1331 3262 1442 3332 compi·

199 3357 346 3424 lationem,
369 3371 444 3428 quae
466 3357 595 3412 Romana
615 3358 782 3428 compilatio
803 3357 971 3426 vocabatur,
995 3360 1027 3412 in
1051 3374 1108 3430 qua
1129 3368 1210 3414 crant
1230 3358 1377 3429 quaedam
1398 3360 1440 3412 in-

201 3459 291 3520 serta,
324 3469 397 3524 qnae
427 3453 558 3510 Romana
585 3455 666 3508 curia
694 3471 752 3510 non
780 3455 940 3526 approbat,
979 3453 1057 3511 unde
1088 3456 1151 3525 ipse
1181 3456 1440 3511 Innocentius

201 3565 253 3620 per
283 3550 358 3621 Mag.
389 3549 539 3607 Petrum
569 3552 883 3608 Beneventanum
915 3553 1057 3608 notarium
1088 3570 1170 3608 suum
1201 3554 1442 3624 compilationem

207 3855 321 3922 septimo
341 3854 403 3906 idus
424 3853 538 3907 Martii.ss
592 3855 616 3920 ⁸)
634 3854 711 3926 Quae
729 3859 797 3910 teste
818 3855 1126 3924 Savinio[1.c.p·583
1148 3863 1200 3910 not.
1221 3860 1260 3924 g.)
1280 3858 1309 3909 in
1327 3855 1439 3910 Ioannis

203 3923 328 3976 Andreae
347 3924 427 3976 addit.
446 3924 497 3975 hoc
515 3925 543 3976 in
563 3927 671 3977 nomine
690 3932 832 3978 occurrunt
852 3926 980 3992 siglarum
1005 3929 1154 3994 varietateS,
1174 3926 1232 3978 scil.
1248 3925 1331 3992 Phi,
1350 3925 1440 3996 Phy,

204 3993 304 4060 Phil,
323 3993 430 4046 easdem
452 3993 561 4046 exhibet
579 3993 707 4059 Novella;
727 3995 869 4061 aliquoties
888 4013 951 4048 vero
970 4003 996 4047 et
1014 3998 1146 4062 integrum
1166 3996 1264 4062 legitur
1276 3995 1372 4047 Phili
1384 4000 1438 4063 ppi
1516 4027 1517 4048 t

204 4078 312 4128 nomen,
330 4077 354 4114 e.
368 4080 395 4130 g.
415 4061 449 4114 ad
465 4061 531 4116 eto
547 4061 605 4112 Gom
619 4073 676 4128 poet
689 4065 790 4129 petitam
808 4064 842 4116 X.
861 4065 894 4117 de
912 4067 988 4118 elect.
1016 4063 1139 4116 Ceterum
1160 4065 1240 4116 huius
1260 4067 1381 4117 nominis
1400 4081 1439 4118 ca·
1516 4101 1517 4106 =

204 4133 340 4184 nonistam
359 4147 447 4198 neque
466 4131 781 4200 apudDiplovataccium
795 4135 839 4186 vel
853 4134 967 4186 Sentium
987 4135 1088 4186 aliosve
1108 4136 1250 4199 scriptores
1268 4133 1350 4188 video
1369 4150 1439 4187 com·
1516 4129 1517 4170 ἶ

204 4209 389 4266 memoratum,
402 4217 488 4266 neque
502 4201 559 4253 ulla
569 4201 620 4254 hcc
631 4204 682 4254 sub
693 4205 800 4256 nomine
813 4205 845 4256 ab
854 4203 986 4256 Haenelio
996 4203 1136 4254 Blumicve
1148 4211 1322 4256 recensentur
1332 4206 1437 4270 scripta,

205 4286 273 4336 quae
283 4271 336 4322 huc
347 4278 459 4336 possent
469 4271 559 4336 aliquo
570 4271 649 4323 modo
659 4272 736 4336 trahi,
748 4279 852 4338 praeter
863 4271 1317 4339 ..Philippillpiscopiviterbiensis
1329 4289 1437 4325 concor·
1516 4333 1517 4340 ἵ

206 4339 309 4392 dantiae
322 4339 446 4405 decreti«,
461 4357 528 4406 quae
543 4345 606 4392 sunt
616 4342 784 4407 Argentorati
797 4344 842 4404 (ci.
854 4341 1000 4394 Haenelius
1014 4343 1031 4394 l.
1040 4359 1062 4394 c.
1078 4339 1179 4407 plne).
1199 4341 1230 4392 ln
1244 4344 1323 4393 unica
1335 4348 1435 4394 tantum
1516 4341 1517 4350 ’

207 4407 240 4460 ad
249 4408 393 4461 Decretum
407 4409 499 4474 glossa
512 4411 581 4472 sigla
592 4408 661 4460 Phi.
674 4411 740 4461 mihi
753 4413 870 4477 obvenit,
885 4412 942 4464 scil.
956 4413 984 4464 in
997 4409 1436 4478 gl.Permittaatarc.i.0.1.qn.5,

206 4481 283 4529 cuius
297 4479 323 4528 in
336 4479 388 4529 line
399 4477 508 4544 legitur:
521 4477 577 4530 Phi.
587 4487 623 4528 cst
630 4479 730 4530 additio.
743 4478 815 4532 Hinc
825 4480 902 4546 plana
914 4483 1030 4533 incertus
1042 4495 1109 4544 snm,
1123 4483 1184 4546 quis
1196 4481 1242 4532 ille
1252 4482 1343 4545 luerit,
1356 4496 1435 4546 quem
1516 4477 1517 4538 l

207 4553 297 4600 noster
305 4547 612 4613 adiungitceleberrimis
620 4547 801 4616 Gregorianac
809 4549 974 4602 collectionis
985 4551 1132 4604 summistis
1140 4555 1166 4602 et
1172 4551 1433 4602 commentatoribus.

1516 4695 1517 4734 l
