3098 5184
569 199 808 259 neironis.
1249 201 1302 259 nv
1365 169 1389 237 ἶ

86 379 241 461 proleram,
269 397 344 462 quac
372 379 419 464 bis
445 380 517 462 ipsis
546 399 584 442 ex
604 377 712 444 libellis
733 377 771 441 de
793 377 922 442 auctoris
944 377 1003 444 vita
1024 393 1186 475 eorumque
1207 385 1303 444 aetate

85 497 161 570 atque
181 492 260 554 serie
281 509 358 552 nunc
379 498 429 552 aut
449 488 591 572 patelacto
612 495 680 552 sunt
701 495 751 552 aut
771 487 953 551 confirmata.

152 599 334 662 Bernardum
364 617 423 662 non
451 599 593 681 dignitate
614 597 799 662 solummodo
821 598 1041 678 ecclesiastica,
1071 599 1195 681 primum
1217 617 1301 682 prae-

82 710 166 791 positi,
180 709 295 772 undem
311 709 481 792 episcopali,
496 709 589 772 luisse
603 708 827 790 lomensem,
849 707 904 770 sed
919 715 984 770 ortu
1000 725 1118 790 quoque
1133 715 1162 772 et
1177 710 1303 789 civitate,

83 827 151 900 petet
170 838 208 882 ex
228 819 390 898 versiculo,
413 821 462 900 qui
485 817 635 884 Summam
656 817 842 895 concludunt,
866 834 983 880 necnon
1005 837 1044 880 ex
1066 837 1101 881 ea
1122 817 1208 882 buius
1222 819 1304 882 urbis

81 931 233 1006 mentione,
270 947 346 1009 quae
379 929 473 1010 ipsum
504 927 628 992 Casuum
659 928 850 992 decretalium
882 945 951 992 esse
983 937 1135 992 auctorem
1167 946 1304 1011 compro-

79 1037 122 1100 bet
135 1037 202 1117 ¹¹⁴);
234 1037 421 1102 confirmatur
450 1040 504 1116 iis,
535 1055 611 1119 quae
639 1037 678 1100 de
699 1036 814 1100 Boethii
843 1044 961 1100 enarrat
987 1039 1222 1102 incarceratione
1237 1038 1303 1115 ²¹⁵).

79 1147 276 1209 Balborum
299 1149 337 1210 de
358 1155 450 1230 gente
473 1165 509 1208 an
530 1145 626 1225 luerit,
649 1147 729 1228 quod
750 1165 817 1210 cum
838 1146 976 1228 Ugbellio
992 1145 1047 1223 ¹¹⁶)
1070 1166 1109 1210 ex
1129 1149 1303 1212 auctoritate

78 1258 229 1320 Crescentii
251 1257 397 1322 affirmare
419 1259 468 1322 vix
489 1256 694 1320 dubitaverunt
714 1258 763 1320 alii
778 1259 848 1337 ¹¹⁷),
878 1275 956 1320 nunc
984 1257 1063 1322 baud
1085 1257 1180 1339 magis
1201 1257 1302 1340 liquet,

80 1385 156 1448 quem
178 1375 274 1430 antea.
318 1369 455 1430 Circae
477 1383 647 1448 cognomen
669 1368 772 1430 iniuria
793 1366 957 1449 permulta
980 1367 1080 1432 secula
1110 1367 1208 1431 datum
1233 1385 1304 1431 esse

77 1478 237 1556 Romatio,
269 1477 307 1540 de
335 1495 394 1558 quo
422 1478 592 1540 nostratium
614 1484 661 1540 est
682 1493 865 1555 consensus,
893 1478 950 1541 iam
972 1476 1010 1539 ll.
1035 1477 1123 1544 Sartii
1144 1476 1236 1541 luisse
1259 1477 1302 1540 vi-

79 1587 154 1650 detur
173 1589 338 1668 sentcntia3
359 1587 497 1668 equidem
520 1603 593 1649 vero
615 1603 674 1649 non
695 1594 753 1648 tam
775 1587 870 1668 ipsum
891 1587 1031 1652 loannem
1046 1586 1196 1668 Andreae,
1219 1587 1303 1650 cuius

76 1696 259 1760 tollorellae
281 1697 356 1760 libro
378 1698 512 1778 primum,
535 1695 589 1759 sed
604 1703 642 1774 et,
665 1696 744 1778 quod
758 1695 861 1774 sciam,
883 1697 913 1758 in
929 1713 966 1758 eo
981 1695 1056 1772 solo,
1077 1695 1155 1758 baud
1177 1713 1249 1760 vero
1270 1698 1301 1759 iu

76 1807 172 1870 ceteris
201 1809 294 1888 ipsius
323 1806 483 1870 aliorumve
512 1806 576 1868 eius
604 1808 746 1886 temporis
774 1805 890 1888 scriptis
920 1805 997 1868 istud
1026 1805 1155 1868 occurrit
1187 1823 1300 1888 cogno-

77 1934 145 1993 men,
166 1915 377 1978 obsoletissimi
399 1915 485 1978 huius
507 1915 618 1977 erroris
640 1914 791 1978 habueri-m
812 1922 973 1994 auctorem,
995 1931 1082 1996 quam
1103 1914 1238 1979 librarios
1253 1915 1302 1979 vel

76 2026 276 2107 typographos,
299 2026 349 2106 qui
370 2025 480 2088 litteras
500 2027 531 2087 lc
552 2031 583 2086 et
605 2021 639 2087 cc
660 2025 867 2088 commutando
888 2041 942 2105 pro
962 2033 1042 2103 tnnc,
1064 2023 1127 2088 scil.
1149 2025 1303 2105 praeposi-

75 2141 113 2196 tus
126 2134 285 2216 Papiensis,
309 2135 479 2215 scripserint
501 2133 645 2202 excudive
668 2137 835 2198 curaverint
856 2140 938 2198 circa
954 2133 1019 2211 ¹¹⁸).
1056 2134 1100 2198 De
1121 2142 1204 2217 patre
1224 2135 1301 2198 Ber·

75 2244 147 2306 nardi
174 2252 205 2306 et
233 2261 293 2325 quo
323 2261 400 2306 anno
428 2250 513 2306 natus
542 2244 595 2318 sit,
624 2242 672 2305 vel
701 2243 738 2304 de
758 2244 878 2308 iuvenili
900 2245 991 2326 ipsius
1013 2251 1119 2323 aetate,
1142 2261 1242 2326 neque
1263 2261 1303 2306 ex

76 2353 130 2432 ipso
158 2362 281 2417 auctore
309 2352 452 2416 babemus
481 2351 656 2434 quidquam,
685 2371 783 2434 neque
811 2353 847 2416 ab
873 2353 938 2416 aliis
967 2353 1105 2434 traditur3
1133 2354 1163 2416 in
1191 2352 1303 2416 artibus

76 2479 152 2542 vero,
174 2481 252 2544 quae
274 2461 418 2542 dicuntur,
444 2479 498 2544 pro
520 2462 642 2524 istorum
664 2468 829 2543 temporum
852 2463 1020 2526 conditione
1042 2481 1109 2526 eum
1132 2463 1202 2526 satis
1223 2462 1302 2526 bene

74 2570 156 2634 luisse
178 2573 356 2652 institutum,
384 2590 443 2634 non
472 2579 530 2635 tom
553 2591 591 2636 cx
620 2572 773 2636 versiculis
801 2591 933 2636 summae
955 2573 1089 2652 insertis,
1120 2589 1245 2654 quorum
1267 2589 1303 2636 sc

76 2681 130 2760 ipsc
158 2683 255 2764 prodit
285 2689 454 2764 auctorem,
488 2700 574 2764 quam
607 2681 675 2745 inde
708 2683 907 2762 coniecerim,
942 2682 1021 2765 quod
1053 2689 1096 2746 tot
1125 2683 1301 2763 scriptorum

77 2798 198 2854 vetemm
222 2811 329 2855 versus
359 2799 389 2855 et
417 2792 579 2854 sententias
609 2809 681 2856 suae
712 2792 832 2858 dictioni
861 2793 984 2856 misceat
1006 2791 1085 2856 baud
1105 2791 1300 2874 ineleganter.

75 2900 229 2966 Bononiam
259 2920 327 2964 cum
358 2909 500 2977 „matrem
527 2900 632 2964 studii“
661 2910 810 2984 nuncupet
836 2909 1014 2984 enarretque
1039 2901 1108 2983 quid
1138 2901 1167 2963 in
1195 2919 1231 2964 ea
1258 2900 1302 2963 di·

76 3008 167 3072 dicerit
182 3011 256 3090 ¹¹⁹),
283 3012 323 3074 ibi
350 3028 423 3073 vcro
451 3010 548 3072 medio
570 3010 673 3074 seculo
687 3009 749 3074 llll.
772 3012 868 3074 solum
890 3003 977 3074 brerii
998 3011 1124 3075 studium
1146 3008 1297 3092 generale,

77 3135 121 3196 pro
141 3127 224 3182 certo
247 3121 301 3183 erit
315 3119 493 3199 babendum,
514 3119 572 3181 bac
586 3120 616 3182 in
632 3119 735 3182 schola
748 3122 933 3184 Bernardum
949 3122 978 3184 in
993 3121 1104 3184 litteras
1118 3119 1300 3200 incubuisse,

76 3233 126 3290 tam
146 3231 312 3312 scripturae
334 3248 437 3292 sacrae
459 3247 547 3311 quam
567 3230 702 3292 canonici
722 3231 810 3307 iuris,
840 3229 918 3312 quod
939 3237 1000 3294 tum
1021 3232 1165 3312 temporis
1185 3230 1298 3294 docere

82 3438 341 3451 ———.-.-—....-

82 3615 86 3624 ,
100 3565 139 3631 ¹¹⁴)
157 3565 227 3620 Vide
247 3583 329 3635 supra
346 3583 406 3635 pag.
419 3565 452 3619 L.
471 3574 525 3621 nol.
540 3565 581 3621 95.

101 3661 140 3728 ¹¹⁵)
159 3661 198 3715 Cl.
219 3661 332 3714 Summa
350 3661 446 3714 decret
465 3661 498 3713 ed
517 3664 556 3714 tit.
575 3661 608 3713 de
626 3660 721 3728 poeuis
742 3660 787 3724 (V.
801 3660 847 3725 32)
867 3661 910 3732 §l
928 3680 954 3730 p.
966 3659 1025 3718 265.
1040 3659 1082 3718 66.

100 3755 141 3822 ¹¹⁶)
159 3758 198 3811 Ol.
217 3761 250 3810 ln
266 3761 335 3810 l'ortc
353 3760 384 3809 du
402 3761 466 3810 lbeil
484 3759 502 3810 l.
516 3772 538 3809 c.
558 3772 618 3822 pag.
631 3755 666 3810 50
686 3772 747 3808 cum
764 3759 855 3820 llgbelll
872 3756 949 3810 Italia
973 3773 1047 3810 sacra
1065 3756 1143 3808 Tem.
1157 3755 1193 3809 IL
1211 3774 1238 3825 p.
1250 3755 1299 3813 521

153 3841 1298 3911 mnmfflmfflfflmmmfflbmfflssfflwwmanssfflQRH

154 3931 257 3997 pm

101 4023 606 4094 ngrmmmtcpmuu

103 4117 1297 4188 'QbmmtffifflslanHWpfflssffl,meffloe‚wmemfflffib

154 4207 290 4260 Vaticanis
315 4209 453 4262 codicibus
479 4226 532 4264 noo
556 4209 609 4275 legi
636 4206 713 4259 Bern.
735 4207 807 4258 Circa
830 4205 893 4272 Pap.
910 4214 998 4271 purten
1015 4206 1114 4257 Fecerat.
1132 4205 1222 4272 Epist,
1252 4205 1300 4258 sed

155 4292 231 4346 Rern.
256 4292 385 4360 Pupienar'a
404 4296 570 4360 praepositus,
590 4304 679 4360 postea
704 4295 841 4359 episcopum
866 4297 893 4346 in
917 4293 1057 4361 Lipsiensi
1080 4309 1144 4346 vero
1169 4291 1299 4344 Nouellae

156 4381 261 4447 codice,
286 4388 352 4434 teste
369 4385 478 4436 ltlcbtuo
497 4381 614 4446 (Oomm.
634 4383 666 4434 de
686 4382 786 4434 inedita
804 4387 853 4434 eto.
870 4397 929 4448 pag.
946 4379 967 4435 l.
986 4385 1041 4434 not·
1055 4379 1094 4447 l),
1113 4379 1237 4445 occurrit,
1261 4379 1299 4430 uti

155 4470 182 4524 in
200 4469 286 4536 ipsius
305 4485 426 4522 summae
445 4471 622 4536 praelatione,
639 4467 717 4520 Bem.
736 4477 790 4518 tunc
806 4467 869 4533 Pap.
884 4483 999 4533 praepos.
1017 4475 1060 4517 etc.

107 4560 146 4626 ¹¹⁹)
164 4561 203 4615 Ol.
222 4563 335 4617 Summa
352 4565 449 4618 decret.
468 4564 501 4620 ad
520 4567 557 4618 tit
576 4565 608 4618 de
628 4566 789 4619 accusation.
808 4562 854 4629 (V·
874 4564 901 4631 1)
920 4561 970 4634 §5·
987 4579 1014 4634 P·
1027 4559 1086 4620 2⁰1·
