3062 5174
234 204 295 270 318
669 207 867 268 BERNARDI
900 210 1037 268 SUMMA

238 396 270 446 ut
296 403 348 459 per
375 387 473 444 omnis
499 401 597 444 eorum
626 387 748 444 arbitrio
776 395 881 458 stetur,
910 396 938 446 st
958 389 991 444 lsi
1011 403 1127 446 necesse
1147 403 1205 444 nou
1225 385 1340 444 hebent
1360 388 1490 444 trstrurn

236 485 413 540 voluntatem
434 484 590 556 inquirere,
612 485 663 542 sed
677 502 730 540 sus
743 486 907 554 voluntate,
930 501 1016 557 quom
1031 485 1169 542 idoneum
1182 483 1322 551 viderint,
1347 483 1490 555 eligendo

236 582 380 655 praeferre
409 578 567 653 [possuntJ.
611 581 673 650 Quo
702 583 779 638 eninr
808 584 871 639 iure
897 589 1066 654 cogerentur
1087 582 1125 638 ad
1145 581 1338 652 inquirendas
1362 581 1488 635 fratrum

237 681 416 747 voluntates,
445 693 509 734 cum
538 679 627 734 semel
642 673 682 752 ⁴⁸)
710 681 768 752 ipsi
796 695 882 752 super
909 681 964 736 hac
992 681 1133 736 electione
1161 679 1218 734 iuri
1240 694 1294 734 suo
1314 679 1485 744 cessissent,

237 775 315 848 quod
337 792 423 846 qnam
443 776 638 847 periculosum
660 777 706 844 sit,
729 793 871 833 canonum
892 776 1047 849 diligentia
1067 776 1162 832 noluit
1176 777 1305 845 reticere,
1327 783 1365 831 ut
1377 776 1411 830 C.
1422 775 1484 828 Vll

236 889 284 944 qu.
301 868 317 930 1
335 873 421 935 Quum
428 874 611 942 periculosum
626 870 665 944 (o.
680 867 723 945 8),
749 875 834 937 ρυαιιι
848 875 924 929 triste
938 871 978 947 (c.
995 869 1057 946 14),
1079 875 1140 928 Hoc
1153 891 1323 946 nequaquam
1339 871 1357 947 (
1377 867 1461 944 .45).

316 965 377 1040 §2-
408 970 480 1025 lluic
495 970 597 1026 ordine
611 977 779 1041 praenotato
799 972 998 1042 pronuntiatio
1020 959 1215 1042 subsequitur,
1236 971 1290 1026 ubi
1304 968 1480 1034 noandum,

237 1066 316 1139 quod
343 1067 442 1134 illius,
476 1067 528 1137 qui
556 1066 595 1122 sd
620 1065 788 1138 dignitatem
817 1070 1001 1140 provehitur,
1036 1068 1140 1124 electio
1171 1075 1214 1123 est
1239 1083 1339 1123 coram
1370 1065 1481 1138 populo

234 1161 467 1234 pronuntiando,
503 1163 528 1218 si
559 1163 624 1234 ipss
655 1165 778 1220 ecclesia
808 1167 912 1236 populi
931 1181 1042 1220 curam
1072 1163 1179 1220 habero
1210 1163 1419 1236 dignoscitur,
1453 1167 1482 1215 ut

238 1261 283 1315 Di.
300 1259 402 1316 LXIII.
425 1259 512 1316 Nosse
533 1257 574 1334 (c.
589 1254 658 1334 12),
685 1261 737 1316 ubi
766 1262 889 1330 dicitur,
918 1262 997 1334 quod
1023 1269 1181 1318 convocsto
1209 1261 1286 1318 clero
1316 1267 1348 1316 st
1370 1260 1481 1332 populo

236 1357 338 1412 electio
370 1359 434 1425 ilat,
470 1357 549 1429 quod
584 1359 619 1414 de
653 1359 888 1429 pronuntlatious
919 1359 1143 1432 Intelligendum
1174 1365 1232 1426 est,
1268 1363 1298 1412 et
1330 1357 1383 1410 Di.
1420 1354 1480 1410 ead.

239 1455 312 1510 Cleri
339 1452 378 1528 (c.
401 1449 464 1527 26).
508 1455 590 1510 'lunc
617 1471 685 1511 vero
715 1455 913 1513 admonendus
940 1465 984 1512 est
1010 1457 1154 1528 populus,
1180 1462 1213 1510 ut
1237 1455 1311 1510 lruic
1339 1453 1481 1509 electioni

237 1553 412 1620 consentiat,
441 1560 471 1607 ut
498 1551 573 1608 berre
598 1554 747 1625 colligitur
768 1569 804 1609 ex
825 1555 966 1610 electione
987 1554 1112 1610 Romani
1131 1552 1279 1624 pontificis
1301 1551 1351 1606 Di.
1368 1549 1479 1609 XXIII.

237 1665 260 1705 c.
274 1645 301 1716 1,
324 1649 393 1704 dum
415 1648 538 1704 dicitur:
565 1652 679 1720 „sicque
700 1651 829 1723 reliquus
852 1653 945 1707 clerus
960 1661 988 1708 et
1002 1652 1129 1723 populus
1144 1649 1181 1705 sd
1195 1664 1374 1705 consensum
1390 1662 1480 1702 novoe
1525 1723 1526 1728 ἵ

236 1747 387 1802 electionis
409 1747 575 1802 secedunt.t
621 1747 696 1815 Quid
719 1754 829 1818 autem,
858 1750 882 1804 si
907 1750 1078 1805 electionem
1107 1748 1254 1804 voluerint
1280 1735 1479 1816 impugnare}

238 1844 319 1900 Certe
346 1844 376 1896 in
405 1859 439 1898 eo
466 1859 535 1898 casu
563 1841 711 1899 docendus
733 1846 788 1900 erit
808 1847 950 1917 populus,
979 1863 1036 1901 non
1058 1843 1237 1916 sequendus,
1266 1849 1299 1898 ut
1320 1842 1371 1896 Di.
1387 1839 1476 1898 LXII.

236 1941 381 1994 Docendcs
402 1937 441 2012 (c.
457 1935 491 2014 2)
513 1948 541 1996 et
561 1941 607 1995 Di.
623 1942 728 1996 LXIII.
743 1942 831 1998 Nosse
852 1941 892 2016 (c.
909 1938 977 2016 12),
1009 1944 1066 1997 nisi
1087 1943 1160 1998 sorte
1180 1956 1248 1996 suae
1270 1938 1479 1994 contradictio·

236 2038 282 2090 nis
303 2037 407 2092 iustum
429 2038 570 2092 rationem
584 2039 727 2110 allegent3
749 2048 818 2096 tunc
833 2041 910 2095 enim
924 2055 971 2096 eos
986 2039 1146 2095 audiendos
1159 2045 1239 2109 puto,
1262 2044 1293 2090 ut
1308 2033 1477 2090 namn.

236 2134 308 2188 illud
328 2131 366 2206 (c.
383 2131 426 2206 5).
468 2133 525 2189 Sed
546 2136 690 2206 numquid
711 2138 848 2192 electores
869 2144 1005 2208 poterunt
1025 2137 1060 2192 de
1084 2137 1140 2191 hac
1169 2149 1255 2190 causa
1282 2121 1477 2204 cognoscere?
1525 2163 1526 2170 ι

237 2228 340 2298 Absit,
363 2246 427 2286 cum
450 2233 539 2286 semel
560 2233 667 2290 electus
688 2235 809 2290 ulterius
831 2235 868 2290 sb
888 2236 930 2292 eis
951 2234 1078 2291 iudicari
1098 2248 1157 2288 non
1172 2228 1285 2299 debeat,
1306 2236 1340 2284 ut
1353 2229 1388 2284 C.
1398 2227 1476 2282 VIII.

238 2321 321 2396 qu.2
341 2327 517 2382 Dilectissimo·
544 2324 584 2401 (c.
605 2325 657 2403 2);
689 2339 760 2402 puto
789 2333 879 2405 igitur
905 2329 1115 2388 decurrendum
1145 2327 1181 2384 sd
1209 2343 1290 2394 eum,
1323 2325 1411 2381 cuius
1439 2330 1478 2378 cst

238 2424 434 2493 ⁰⁰¹¹film⁸ti⁰s
466 2425 545 2496 quod
574 2428 675 2500 colligi
701 2435 795 2499 potest
822 2445 859 2483 ex
880 2431 927 2483 Di.
942 2429 1049 2486 XXIII.
1071 2428 1159 2482 Illud·
1195 2425 1251 2493 Qui
1272 2439 1341 2479 vero
1363 2421 1405 2477 ad
1426 2423 1478 2474 fre·

239 2527 348 2576 ternam
369 2522 535 2578 societatem
557 2524 690 2595 eligitur,
719 2526 780 2580 eius
802 2527 904 2582 electio
925 2525 1029 2597 populi
1049 2521 1243 2594 praesentiam
1262 2535 1322 2576 non
1344 2519 1476 2590 requirit,

238 2631 302 2672 cum
323 2633 382 2672 nou
404 2617 444 2672 cd'
462 2634 558 2674 curam
581 2622 741 2678 animarum
770 2623 911 2695 eligatur,
940 2623 1074 2692 exemplo
1101 2623 1177 2689 eius,
1207 2619 1259 2690 qui
1286 2617 1324 2672 sd
1352 2617 1476 2672 minores
1525 2679 1526 2682 Ἴ

238 2712 354 2768 ordines
375 2723 575 2785 promovetur,
597 2719 649 2772 ubi
670 2719 779 2774 civium
801 2737 934 2775 assensus
954 2733 1013 2774 non
1035 2717 1209 2788 requiritur,
1231 2713 1310 2785 quod
1324 2710 1398 2768 inde
1416 2712 1475 2768 tisri

238 2796 381 2878 creditur,
410 2813 479 2883 quis
503 2813 632 2870 nondum
653 2816 681 2870 ei
702 2831 771 2872 curs
791 2817 952 2872 unimsrnm
974 2817 1134 2888 confertur,
1163 2821 1195 2869 ut
1214 2813 1261 2868 Di.
1277 2809 1399 2866 LXVII.
1421 2809 1475 2863 Rc-

239 2907 306 2979 lt'qut’
329 2904 369 2981 (c.
386 2904 428 2982 1).

317 2999 382 3075 §3-
425 3005 606 3078 Subscriptio
634 3023 749 3081 quoque
774 3027 832 3067 non
854 3009 997 3066 modicum
1019 3009 1111 3082 exigit
1131 3004 1412 3073 considerationem,
1439 3002 1472 3057 de

236 3116 294 3171 qus
314 3117 372 3156 non
393 3102 537 3160 immerito
560 3105 753 3175 quaerendum
776 3106 900 3176 videtur,
922 3114 1018 3162 utrum
1034 3105 1070 3162 de
1085 3107 1186 3172 forms,
1208 3119 1245 3158 an
1260 3099 1297 3156 ds
1310 3101 1472 3156 substantie

238 3199 276 3252 sit
296 3199 455 3256 electionis.
498 3201 583 3268 Quod
603 3203 673 3258 inde
694 3205 825 3273 videtur,
852 3189 927 3276 'quia
946 3205 1013 3259 telis
1035 3211 1078 3258 est
1099 3200 1360 3258 ecclesiasticarum
1381 3199 1472 3268 legum

238 3297 408 3366 auctoritas,
431 3299 515 3354 utin
537 3301 632 3354 causis
654 3308 798 3373 gestorum
818 3317 930 3372 semper
950 3302 1123 3372 scripturam
1144 3297 1289 3369 requiret,
1314 3303 1345 3350 ct
1365 3296 1418 3366 qui
1438 3293 1471 3348 ad

238 3408 378 3448 summurn
407 3395 600 3452 sacerdotium
626 3399 812 3468 provehitur,
841 3398 956 3454 decreto
982 3397 1116 3452 menibus
1138 3395 1266 3450 omnium
1288 3391 1471 3448 corroborato
1525 3395 1526 3418 ¹

237 3490 378 3561 eligetur,
400 3497 433 3546 ut
454 3493 537 3547 c.11.
561 3490 642 3564 qu.1
664 3495 767 3566 Legum
787 3493 827 3568 (c.
843 3490 891 3568 9),
920 3491 975 3570 [et]
996 3494 1065 3550 inde
1087 3497 1286 3566 argumentum
1307 3489 1470 3555 assumitur,
1525 3501 1526 3572 ᾗ

238 3586 317 3656 quod
344 3589 452 3660 legitur
473 3589 519 3644 Di.
535 3590 641 3646 LXIII.
663 3593 824 3648 Hadrianus
852 3590 891 3666 (c.
907 3587 958 3666 2),
982 3593 1093 3654 ‘Quanto
1121 3586 1161 3663 (c.
1177 3582 1231 3661 10)
1258 3593 1287 3644 et
1307 3587 1355 3640 Di.
1370 3585 1470 3641 LXIII.

241 3681 308 3738 Vota
328 3685 425 3740 cuium
445 3682 485 3759 (c.
500 3681 563 3759 37).
604 3688 731 3746 Econtrs
750 3705 834 3758 vero,
864 3689 942 3761 quod
962 3705 1021 3745 non
1043 3687 1082 3744 sit
1103 3686 1139 3742 de
1160 3685 1254 3741 forma
1274 3698 1327 3738 nso
1350 3679 1387 3738 de
1408 3681 1471 3738 sub-

238 3781 344 3834 stantia
364 3782 532 3854 electionis,
554 3784 624 3840 inde
645 3786 775 3858 videtur,
802 3787 872 3858 quia
891 3793 958 3857 post
979 3785 1148 3841 electionem
1170 3781 1233 3838 fleri
1253 3778 1424 3846 mundatur,
1443 3784 1472 3832 ut
1525 3811 1526 3836 t

239 3874 285 3929 Di.
299 3877 417 3934 XLVII.
439 3880 482 3934 De
500 3881 582 3935 Petro
604 3878 643 3956 (c.
657 3878 706 3956 4);
734 3885 851 3939 iuvatur
870 3885 942 3939 hoec
962 3899 1031 3954 pars
1052 3897 1089 3936 ex
1110 3897 1157 3948 eo,
1187 3877 1282 3950 quod,
1310 3875 1364 3932 ubi
1384 3877 1472 3932 forms

238 3973 388 4030 electionis
409 3975 533 4032 Romani
557 3980 702 4049 pontilicis
730 3981 955 4050 praescribitur,
985 3979 1068 4034 nulla
1095 3976 1131 4032 de
1158 3974 1374 4045 subscriptione
1401 3973 1473 4027 lecto

237 4073 344 4128 mentio
366 4074 523 4144 reperitur,
545 4082 577 4130 ut
598 4075 645 4130 Di.
659 4076 766 4134 XXIII.
787 4077 820 4134 Ic
840 4079 945 4132 comice
967 4077 1067 4132 domici
1087 4071 1103 4148 (
1121 4113 1127 4128 .
1144 4069 1187 4146 1).

317 4169 408 4240 Super
428 4170 483 4226 huc
504 4173 670 4242 quaestione
691 4175 789 4230 variae
811 4182 878 4230 sunt
900 4173 1049 4230 doctorum
1063 4170 1224 4242 opiniones.
1255 4166 1382 4236 Quidam
1396 4165 1470 4220 enim

238 4279 299 4320 eam
320 4266 437 4322 interim
460 4267 596 4324 electioni
618 4271 809 4326 necessariam
830 4271 1020 4338 arbitrentur,
1044 4275 1075 4324 ut
1094 4267 1157 4322 siue
1178 4282 1211 4322 es
1231 4265 1378 4320 infirmam
1398 4278 1470 4318 asse-

237 4368 301 4417 rent
321 4363 499 4434 electionem,
521 4372 550 4420 et
571 4366 612 4420 ita
633 4365 743 4436 dicunt,
766 4383 901 4425 comesse
916 4367 952 4424 de
966 4365 1122 4423 formavel
1135 4363 1298 4420 substantie
1312 4359 1468 4427 electionis,

237 4567 372 4635 Omni-1·
427 4568 463 4633 ⁴³)
489 4569 556 4624 θοὰ.
581 4569 664 4636 timul,
694 4573 767 4638 quod
795 4573 970 4626 reiicisudunr
995 4579 1022 4625 st
1046 4567 1297 4624 commutarendum
1323 4583 1387 4621 esse
1410 4567 1467 4618 ssu·
