3084 5178
661 1138 692 1211 I.

196 1313 467 1410 lllllltttl
498 1313 678 1411 tthht
709 1315 771 1410 llll
802 1315 1152 1414 Mhllltttllt.

595 1535 754 1544 ——ffl—

140 1698 224 1770 Cogit
243 1713 289 1752 me
310 1696 475 1754 dilectionis
497 1703 608 1753 vestrae
626 1699 835 1772 praerogativa,
856 1697 966 1756 nobilis
980 1707 1008 1757 et
1022 1699 1156 1756 amabilis
1172 1699 1287 1758 dominc

56 1795 108 1864 Gn,
139 1794 176 1850 de
196 1795 443 1850 matrimoniorum
460 1789 485 1868 ¹)
506 1795 569 1848 inre
591 1794 732 1866 quaedam
756 1793 957 1866 compendiose
977 1796 1171 1868 perscribere,
1201 1805 1286 1870 atque

55 1894 87 1946 in
109 1893 166 1947 hac
186 1899 268 1963 parte
288 1899 346 1946 tam
368 1893 550 1962 antiquorum
572 1907 657 1962 quam
678 1893 879 1948 modernorum
897 1909 1038 1950 canonum
1053 1895 1206 1950 sententias
1221 1911 1287 1966 ape·

57 1991 125 2058 rire,
147 2006 164 2044 a
185 2004 241 2061 quo
261 1988 361 2044 labore
382 2003 555 2060 quamquam
575 2004 621 2043 me
635 1989 841 2044 insufficientia
856 1990 1030 2059 dehortetur,
1052 1992 1178 2064 suggerit
1191 1999 1285 2047 tamen

55 2093 153 2141 vestra
175 2085 377 2142 benevolentia
404 2085 523 2140 arduam
551 2085 628 2140 viam
655 2085 774 2158 aggredi
802 2094 829 2142 et
856 2103 908 2158 per
935 2094 1048 2143 sentosa
1074 2089 1139 2144 loca
1165 2089 1288 2161 vestigia

55 2198 166 2254 ponere
187 2184 322 2254 experiri.
363 2181 522 2238 Videamus
544 2181 648 2255 igitur,
678 2182 751 2254 quid
778 2183 815 2240 sit
841 2185 1071 2254 matrimonium,
1100 2184 1172 2257 quid
1200 2187 1286 2241 iaciat

55 2279 288 2348 matrimonium,
311 2286 339 2335 et
359 2277 432 2351 qnid
451 2279 600 2350 impediat.

136 2377 159 2432 Ι.
200 2377 251 2432 Est
271 2385 365 2432 antem
385 2377 599 2432 matrimonium
621 2375 678 2430 viri
700 2383 727 2432 et
747 2379 876 2434 mulieris
896 2379 1027 2451 legitima
1047 2379 1221 2449 coniunctio,
1242 2379 1286 2434 in·

55 2472 208 2530 dividuam
230 2473 306 2530 vitae
327 2472 563 2530 consuetudinem
584 2474 726 2542 retinens3
755 2473 793 2529 ad
820 2473 1003 2531 indiuiduam
1031 2476 1109 2530 vitae
1136 2483 1286 2533 consuetu-

56 2573 156 2627 dinem
183 2577 307 2641 spectat,
336 2577 369 2625 nt
394 2577 496 2625 neuter
523 2571 591 2626 vivo
620 2570 710 2625 altero
732 2571 768 2624 ad
789 2571 918 2627 alienum
939 2579 1063 2629 transeat
1084 2572 1285 2640 concubitum3

55 2667 162 2740 quodsi
185 2660 223 2739 (i)
247 2667 408 2736 transierit,
429 2681 487 2722 non
509 2674 664 2723 evacuatur
683 2668 907 2724 matrimonium.

135 2765 172 2820 Π.
213 2765 427 2820 Matrimonium
461 2763 531 2819 facit
561 2766 710 2835 utriusque
742 2780 895 2820 consensus
926 2766 1073 2838 legitimus
1105 2781 1156 2836 per
1186 2771 1285 2820 mutua

55 2861 148 2917 verba
174 2862 221 2918 vel
249 2867 339 2916 certos
366 2867 453 2916 nutus
481 2875 649 2932 expressus,
677 2863 759 2916 iuxta
785 2863 862 2918 illud
886 2861 1001 2918 Nicolai
1021 2863 1131 2933 Papae:
1161 2861 1287 2933 Sufficiat

54 2961 128 3013 solua
156 2955 331 3032 (sequuntur
356 2973 380 3014 c.
402 2953 429 3015 2.
457 2959 487 3014 C.
502 2957 620 3015 XXVII.
644 2953 726 3030 qn2
746 2956 859 3032 verba).
909 2958 960 3014 Est
986 2973 1110 3031 namque
1137 2959 1204 3014 talis
1230 2960 1285 3014 iste

55 3071 227 3124 consensus,
257 3063 288 3110 ut
314 3056 368 3110 iste
396 3056 557 3111 consentiat
584 3057 614 3110 in
642 3056 724 3110 illam
752 3062 784 3110 nt
809 3058 840 3110 in
862 3070 997 3126 uxorem,
1025 3063 1053 3110 et
1071 3056 1126 3110 illa
1146 3055 1177 3110 in
1197 3055 1284 3110 istum

54 3162 85 3208 ut
100 3155 131 3207 in
147 3155 257 3220 virum,
280 3159 308 3208 et
328 3152 435 3207 talibus
456 3151 553 3207 verbis
574 3153 698 3223 exprimi
721 3153 883 3208 consuevit:
909 3153 993 3215 „volo
1008 3158 1034 3206 te
1047 3153 1079 3206 in
1093 3167 1195 3220 meam,
1216 3153 1284 3208 volo

55 3259 82 3304 te
104 3253 136 3305 in
157 3255 282 3317 meumt,
310 3249 373 3302 vele
409 3251 539 3319 ,accipio
567 3257 593 3304 te
613 3251 644 3304 in
666 3265 775 3317 meam,
804 3249 917 3320 accipio
939 3256 965 3304 te
986 3249 1017 3303 in
1038 3255 1159 3304 meum.t
1203 3249 1285 3303 'Palis

54 3361 211 3402 consensus
239 3345 309 3400 iacit
335 3331 549 3402 matrimonium
576 3353 604 3401 et
632 3345 740 3401 dicitur
766 3347 821 3402 hoc
849 3344 1049 3416 desponsati03
1078 3347 1179 3400 annuli
1207 3345 1284 3400 enim

53 3443 203 3516 impositio
225 3441 406 3498 subarrhatio
429 3441 535 3498 dicitur
554 3449 582 3498 et
601 3444 633 3498 fit
654 3443 691 3497 ad
711 3443 853 3498 indicium
868 3427 1098 3513 desponsationis
1110 3445 1169 3498 ianr
1183 3443 1282 3498 factae.

53 3541 224 3613 Legitimam
246 3547 339 3595 antem
361 3540 593 3596 coniunctionem
610 3539 832 3611 legitimumque
846 3554 1014 3595 consensum
1029 3536 1162 3606 dicimus,
1184 3537 1237 3592 ubi
1251 3553 1284 3592 ea

53 3656 111 3694 non
134 3637 366 3708 intervenerunt,
395 3651 468 3706 quae
492 3651 549 3692 non
578 3637 671 3692 solum
697 3637 910 3692 matrimonium
936 3634 1099 3706 impediunt
1114 3631 1155 3710 ¹),
1184 3649 1283 3690 verum

53 3737 141 3791 etiam
162 3739 339 3791 contractum
361 3730 508 3788 dirimunt.

133 3831 186 3886 Ill.
216 3832 287 3885 Sunt
298 3825 321 3902 ³)
344 3835 447 3898 autern,
470 3843 542 3900 quae
556 3829 770 3884 matrimonium
785 3829 957 3900 impediunt,
975 3827 1052 3884 XIV:
1073 3835 1182 3900 votnm,
1203 3828 1284 3896 ordo,

53 3929 187 3996 habitus,
223 3927 322 3998 dispar
355 3927 464 3994 cultus,
500 3941 579 3981 error
608 3940 765 3996 personae,
801 3925 945 3996 conditio,
981 3927 1129 3998 cognatio,
1164 3925 1281 3997 ligatio,
1318 3921 1320 3926 ’

53 4027 208 4082 enormitas
237 4023 353 4092 delicti,
384 4022 606 4092 impossibilitas
633 4023 773 4091 coeundi,
805 4023 932 4091 coactio,
962 4022 1099 4093 publicae
1126 4023 1283 4078 honestatis
1380 4055 1383 4068 ι

50 4123 172 4191 iustitia,
195 4129 306 4191 tempus
321 4120 455 4176 feriarum
471 4127 499 4174 et
512 4120 697 4176 interdictum
714 4120 860 4176 ecclesiae.
896 4120 1017 4192 Singula
1030 4133 1244 4190 prosequamur.

132 4214 159 4276 1.
182 4218 301 4273 Votum
323 4223 416 4272 autem
431 4218 580 4273 antestio
595 4218 728 4274 iaciendo
744 4217 837 4272 autin
851 4232 909 4272 non
923 4216 1072 4284 faciend03
1094 4215 1123 4268 in
1139 4213 1281 4281 faciendo,

53 4323 83 4370 nt
103 4315 195 4373 eundi
215 4314 253 4370 ad
276 4315 380 4370 SOtum
400 4313 547 4383 Iacobum,
568 4315 600 4370 in
621 4331 679 4370 non
700 4314 844 4382 iaciendo,
865 4320 897 4370 ut
910 4327 969 4368 non
983 4310 1154 4368 comedendi
1170 4325 1282 4366 carnem

123 4592 145 4658 ¹)
164 4591 230 4644 Cod.
247 4589 299 4644 Pa.
316 4591 475 4644 mouimooio.
527 4591 550 4654 ²)
569 4585 635 4643 Ood.
652 4609 700 4642 noa
716 4593 773 4658 imp.
826 4591 849 4656 3)
869 4589 934 4644 coc.
952 4592 1019 4644 hacc
1037 4591 1193 4657 praemittit:
1211 4589 1283 4642 Haec
