3062 5174
588 229 835 288 TESTIMONIA.
1272 229 1330 295 357

4 430 13 464 :
90 411 212 482 ingenio
239 427 301 467 meo
330 410 469 482 quaedam
498 409 710 478 interserendo,
740 411 814 466 siout
837 417 865 468 et
886 413 976 484 signis
998 413 1190 484 glossularum
1212 415 1329 472 demon-

2 555 10 580 ·.
91 515 215 574 stratur,
244 509 352 578 primas
379 517 407 564 et
434 508 575 564 secundas
597 507 772 578 decretales,
799 516 886 579 prout
906 509 1130 581 melius'potui‚
1159 515 1328 582 glossulavi.

92 605 150 660 Sed
172 621 258 676 super
277 607 422 676 praesenti
444 607 527 661 tertia
548 605 754 675 compilatione
771 621 829 661 uon
845 613 1014 677 apparatum
1029 608 1093 675 feci,
1115 608 1167 663 sed
1180 610 1328 666 audiendo

11 729 14 736 ·
92 711 181 773 atque
202 703 326 774 legendo
348 702 489 774 quaedam
510 703 541 757 in
563 702 640 757 libro
662 704 779 772 notavi,
807 719 881 774 quae
909 704 1053 759 scholares
1079 705 1199 775 quidam
1220 707 1329 779 absque

91 801 271 855 conscientia
291 815 354 854 mea
382 799 418 855 de
445 799 522 854 libro
550 815 613 854 meo
643 807 845 869 extraxerunt,
878 806 906 853 et
931 816 985 871 pro
1013 808 1155 872 apparatu
1182 805 1329 860 tertiarum

13 944 17 956 ,
91 897 165 950 mihi
186 897 418 952 intitulaverunt.
459 895 542 952 Nunc
571 903 682 966 autem,
711 896 835 952 docendi
864 898 960 952 cilicio
986 897 1022 952 ad
1043 899 1200 955 multorum
1220 903 1329 956 instan-

91 994 164 1047 tiam
186 1001 358 1062 reassumto,
387 1000 564 1064 praesentem
586 995 699 1050 tertiam
720 995 956 1064 compilationem
978 1009 1042 1049 cum
1071 994 1241 1068 diligentia,
1270 999 1328 1054 Do·

8 1115 13 1125 =
90 1091 172 1145 mino
201 1091 332 1159 favente,
363 1091 514 1164 glossabo,
543 1097 572 1145 et
598 1092 817 1147 constitutiones
843 1092 964 1148 concilii
983 1093 1116 1162 proxime
1137 1094 1277 1150 celebrati
1299 1103 1327 1151 et

88 1189 156 1241 iura
184 1204 200 1242 a
226 1188 307 1242 Dom.
331 1189 499 1244 Innocentio
522 1189 553 1242 P.
569 1187 620 1243 ΙΙΙ.
648 1195 714 1258 post
739 1189 797 1243 XII
818 1205 925 1244 annum
954 1189 1032 1244 edita
1060 1197 1117 1244 tam
1145 1191 1177 1244 in
1205 1207 1327 1262 appara-

90 1284 170 1338 tibus
191 1300 207 1338 a
227 1301 272 1340 me
294 1287 394 1353 iactis,
425 1300 511 1358 quam
532 1285 562 1338 in
584 1285 656 1354 hoc,
679 1301 762 1357 quem
784 1287 919 1342 ordinare
941 1285 1081 1358 dispono,
1103 1286 1325 1360 diligentissime

90 1380 253 1437 collocabo.

274 1661 320 1741 G.
374 1659 579 1745 aalaidis
612 1661 664 1745 bd
700 1660 869 1746 stabilit
903 1661 1138 1746 fltsllllstt

154 1831 192 1898 ln
228 1843 398 1898 summae
434 1846 555 1914 super
589 1831 728 1900 titulis
764 1833 1028 1900 decretalium
1064 1834 1263 1916 prooemio

372 1941 475 2008 rubr.
512 1943 615 2015 [hade
641 1940 768 2014 latest
797 1937 861 2026 §9
894 1944 924 2010 il
945 1943 981 2009 1⁰
1003 1941 1038 2020 4l·

239 2145 285 2199 Ex
305 2145 470 2215 praemissis
492 2151 588 2216 patet,
618 2145 677 2199 iore
700 2144 756 2200 duo
778 2161 882 2219 genera
903 2148 1068 2217 hominum,
1098 2149 1161 2203 soil.
1183 2147 1325 2204 laicorum

83 2252 112 2302 et
135 2243 354 2315 religiosorum,
384 2249 411 2297 et
433 2242 491 2298 duo
513 2257 618 2313 genera
638 2243 778 2312 vitarum,
807 2245 870 2300 scil.
894 2245 1134 2315 contemplativae
1155 2251 1183 2301 et
1203 2247 1324 2316 activae,

1 2387 2 2418 3
84 2350 114 2396 et
143 2340 199 2396 duo
228 2356 332 2411 genera
361 2340 563 2407 scientiarum,
592 2339 710 2395 divinae
738 2343 800 2396 scil.
827 2350 855 2396 et
881 2343 1028 2397 civilis...
1072 2342 1127 2397 Sed
1149 2343 1212 2397 sine
1234 2343 1323 2400 dubio

84 2439 194 2494 addere
214 2454 367 2509 possumus
388 2438 503 2492 tertium
526 2451 614 2508 genus
637 2452 673 2490 ex
693 2437 810 2508 iugenio
833 2439 916 2510 quasi
945 2439 1138 2509 permixtum3
1168 2456 1219 2495 nos
1247 2442 1323 2496 enim

1 2515 3 2589 ζ
84 2537 187 2592 clerici
210 2535 368 2602 seculares,
392 2549 461 2605 quoe
484 2540 596 2604 oportet
617 2534 742 2588 Domino
765 2536 899 2590 famulari
920 2543 947 2590 et
968 2535 1053 2590 etiam
1075 2551 1190 2604 curare,
1217 2553 1253 2592 ne
1273 2553 1323 2608 pe-

1 2611 3 2617 *
85 2641 171 2689 reant
196 2633 391 2704 possessiones
421 2631 650 2698 ecclesiasticae,
683 2631 714 2684 in
739 2631 835 2688 medio
862 2632 982 2686 istorum
1011 2649 1107 2687 sumus
1135 2633 1225 2703 positi
1251 2640 1323 2689 tam·

1 2705 6 2786 f
86 2747 174 2802 quarn
196 2736 384 2784 centrum...
420 2725 489 2782 Ideo
510 2729 565 2782 hoc
588 2728 702 2782 tertium
725 2745 814 2800 genus
835 2731 1024 2800 permixtum,
1047 2731 1135 2786 vitam
1150 2731 1323 2800 permixtam

1 2877 9 2911 ε
86 2828 213 2894 ducens,
242 2825 364 2880 scientia
384 2825 529 2894 permixta
551 2824 670 2896 egebat,
700 2841 757 2896 qua
778 2834 930 2898 utrumque
952 2826 1010 2880 sibi
1030 2827 1230 2894 commissum,
1259 2829 1322 2882 scil.

1 2959 7 2984 -,
85 2923 240 2995 spirituale
262 2929 289 2976 et
309 2922 466 2992 temporale
487 2929 585 2992 posset
606 2937 701 2994 regere
724 2929 749 2975 et
772 2921 924 2978 defendere
946 2929 974 2977 et
999 2923 1082 2978 tueri.
1128 2923 1166 2976 Et
1193 2925 1236 2979 sic
1265 2931 1323 2981 tam

85 3039 125 3078 ex
146 3020 232 3076 dictis
253 3026 416 3074 sanctorum
436 3025 550 3090 patrum
572 3033 658 3089 quam
679 3017 793 3090 legibus
815 3021 870 3074 luit
896 3020 973 3075 liber
1001 3019 1178 3075 decretorum
1208 3036 1323 3093 compo·

86 3121 169 3187 situs,
191 3119 274 3172 utin
295 3118 360 3186 ipso
381 3121 469 3186 patet.
485 3156 491 3170 .
505 3156 531 3170 ..
565 3115 668 3170 Postea
688 3132 767 3184 vero,
790 3132 854 3171 cum
875 3116 982 3172 multae
1005 3115 1161 3172 decretales
1183 3119 1322 3188 epistolae

2 3271 5 3282 ,
86 3224 171 3274 extra
201 3231 305 3286 corpus
337 3214 515 3269 decretorum
548 3220 739 3286 vagarentur,
771 3213 846 3285 Mag.
874 3212 1090 3268 Bernardus
1118 3211 1322 3284 Papiensis

2 3300 3 3304 ¹
86 3314 269 3385 praepositus
290 3313 414 3383 primam
436 3311 672 3380 compilationem
694 3311 871 3381 composuit3
893 3309 943 3364 sed
959 3317 986 3363 et
1000 3317 1128 3380 tempore
1148 3310 1323 3382 procedente

2 3395 3 3400 ἵ
86 3413 164 3482 Mag.
194 3408 413 3465 Gilibertus
441 3423 522 3462 suam
550 3408 659 3475 effecit,
688 3409 777 3462 aliam
805 3409 891 3462 etiam
918 3407 1080 3472 Alanus3
1110 3406 1224 3464 demum
1245 3410 1321 3483 Mag.

3 3493 4 3498 ἵ
87 3506 305 3564 Bernardus
327 3505 679 3576 compostellanus,
701 3505 732 3558 in
755 3506 836 3560 curia
856 3503 986 3559 Romana
1007 3519 1115 3558 moram
1138 3505 1263 3574 faciens,
1286 3523 1322 3562 ex

89 3606 208 3677 registro
220 3605 301 3659 Dom.
314 3603 476 3658 iunocentii
486 3601 538 3656 111.
549 3601 695 3671 quandam
707 3601 940 3672 compilationem
955 3602 1090 3667 extraxit,
1107 3616 1180 3671 quae
1191 3601 1322 3658 Romana

3 3759 5 3776 1
88 3703 236 3773 appellata
250 3701 313 3755 luit.
343 3699 399 3754 Sed
414 3699 482 3770 quia
496 3697 540 3753 ibi
555 3707 636 3754 erant
651 3698 791 3770 quaedam
807 3697 974 3766 decretales,
990 3713 1062 3769 quas
1077 3711 1135 3751 non
1152 3698 1323 3756 admittebat

89 3801 219 3855 Romana
247 3799 343 3864 curia,
371 3797 437 3852 ideo
465 3796 541 3851 idem
565 3796 750 3851 Innocentius
778 3812 829 3866 per
856 3812 971 3851 manum
1001 3795 1105 3850 Petri
1131 3795 1323 3851 Beneven-

3 3877 6 3960 ᾗ
89 3897 170 3952 tani
191 3895 425 3966 compilationem
447 3893 555 3962 edidit,
581 3909 654 3964 quae
677 3895 760 3948 tertie
781 3891 954 3962 vocabatur3
984 3908 1042 3964 qua
1062 3899 1177 3963 recepta
1198 3899 1225 3948 et
1246 3893 1320 3964 Mag.

4 3965 7 3990 ⁵
90 3996 252 4050 loannes
285 3991 473 4045 warensis
509 3991 544 4045 ue
577 3989 689 4046 nunnus
721 3989 807 4046 arara
838 3990 1094 4060 compilationibus
1127 3989 1323 4045 arriserunt

4 4149 8 4170 5
89 4091 179 4147 Alani
201 4106 288 4144 uuam
309 4088 495 4158 compilavit,
521 4105 593 4160 quae
615 4089 772 4144 vocabatur
793 4086 927 4144 secunda.
971 4087 1173 4158 Postmodum,
1194 4087 1321 4141 concilio

4 4179 6 4256 ᾗ
91 4189 218 4263 generali
231 4203 291 4257 ‘per
311 4185 432 4241 cundem
448 4185 646 4242 Innocentium
668 4186 821 4253 celebrato,
844 4191 901 4238 tam
917 4183 952 4238 de
967 4183 1220 4239 constitutionibus
1238 4199 1321 4254 gene-

90 4287 161 4342 ralis
182 4285 301 4341 concilii
322 4299 407 4355 quam
429 4283 495 4337 aliis
518 4282 711 4340 decretalibus
732 4284 824 4354 ipsius
845 4281 1008 4337 Innocentii
1029 4280 1197 4350 compilatio
1219 4286 1321 4350 quarta

6 4569 9 4578 ,
92 4545 117 4593 p.
130 4523 155 4578 Β.
168 4523 193 4578 9.
240 4523 263 4585 ⁴)
276 4522 351 4576 Hanc
365 4530 473 4577 secutus
488 4540 547 4576 sum
560 4523 719 4577 editionem:
741 4522 865 4576 „Henrici
880 4521 1029 4575 cardinalis
1044 4520 1199 4574 Hostiensis
1213 4539 1318 4574 summa

93 4609 196 4659 aurea,“
219 4593 305 4659 bugd.
320 4591 392 4648 1568.
411 4594 466 4661 iol,
484 4609 563 4660 quam
583 4596 622 4646 eis
643 4595 734 4660 addas,
756 4609 824 4660 ques
842 4592 993 4646 Theinerus
1012 4594 1039 4644 in
1058 4591 1160 4646 comm.
1179 4595 1222 4646 cit.
1241 4609 1266 4664 p.
1281 4591 1320 4647 ¹9.
