3062 5174
241 190 301 256 334
626 195 823 252 BERNARDI
852 193 903 250 ΕΤ
934 193 1094 250 menam

241 374 308 430 dam
327 373 479 447 presbyter
500 373 679 432 deecclesia
700 373 830 442 euoluit,
883 387 935 428 suo
956 387 1009 443 per
1027 373 1220 428 iuramentum
1241 371 1399 430 ecclesiae
1424 385 1491 424 suae

241 480 274 526 ut
288 471 417 541 dicebat,
439 488 491 544 per
505 473 565 528 vim
579 473 704 540 eiectus,
727 469 833 528 deinde
884 469 1075 537 renuntiaret,
1103 468 1246 540 praecipit
1265 469 1374 539 Papa,
1413 465 1491 537 quod

241 568 361 624 eandem
383 569 534 624 ecclesiam
555 569 714 641 resignavit
735 575 762 623 et
782 565 831 622 ab·
882 565 1065 622 adversarius
1085 581 1143 621 non
1161 565 1337 620 admittatur
1358 563 1491 635 probare
1522 551 1523 608 ἶ

240 666 361 734 iuravit3
381 665 549 737 postulabat
563 666 691 734 restitui;
713 664 832 720 obiicie-
881 665 991 731 volens,
1014 669 1201 733 spontaneam
1221 663 1313 718 luisse
1330 661 1491 716 renuntia

241 761 326 818 batur
347 763 375 818 ci
396 764 551 836 resignatio
573 771 601 818 et
621 763 781 830 coloratio,
805 767 833 816 et
882 761 1006 828 tionem,
1039 761 1231 831 praesumitur
1259 759 1341 814 enim
1375 758 1490 812 invitus

241 866 342 929 parata
370 867 430 915 erat
459 860 581 916 adverse
611 875 678 930 pars
708 857 832 929 probare
882 855 1386 928 iacerequodiacitspolietus,sed
1403 862 1487 908 testes

241 963 411 1027 utrumque3
433 957 487 1012 iste
508 955 684 1028 replicabat,
706 971 736 1010 se
756 954 833 1010 nihil
884 952 1084 1032 deprobanda
1097 954 1270 1024 spoliatione
1285 953 1419 1010 admitti
1433 967 1486 1006 uon

242 1052 278 1108 de
303 1052 349 1108 his
378 1069 429 1108 sua
458 1055 605 1109 voluntate
633 1053 751 1121 iecisse,
780 1067 833 1108 nec
884 1047 1036 1125 debent').

242 1157 336 1205 tamen
359 1149 549 1206 confitebatur
568 1165 598 1206 se
612 1151 771 1222 resignasse
786 1150 833 1205 vel

242 1245 399 1316 abiurasse,
421 1263 548 1303 asserens
570 1255 597 1303 et
616 1247 739 1319 probare
760 1253 875 1318 paratus
891 1242 932 1320 ¹),
955 1244 1034 1316 quod
1055 1253 1190 1315 tempore,
1212 1259 1268 1315 quo
1292 1243 1489 1299 adversarius

241 1345 302 1398 eius
324 1343 440 1399 dicebat
459 1361 524 1400 eum
545 1346 704 1416 resignasse
725 1352 752 1400 et
773 1344 1024 1412 abiurasse„iam
1052 1342 1145 1397 iuerat
1169 1341 1233 1412 ipsa
1261 1341 1396 1396 ccclesia
1425 1357 1488 1411 spo-

241 1442 337 1495 liatus.
373 1441 448 1509 Quia
469 1442 557 1513 igitur
577 1441 699 1512 probata
719 1441 908 1510 replicatione
930 1455 982 1494 sua
1001 1440 1145 1510 praelatae
1166 1438 1352 1508 exceptiones
1378 1454 1443 1494 non
1464 1440 1489 1492 ei

243 1538 391 1607 obessent,
413 1553 465 1594 nec
485 1538 673 1610 Apostolicns
694 1540 773 1608 vult,
795 1546 827 1594 ut
848 1553 912 1594 reus
932 1553 985 1608 pro
1006 1536 1100 1592 nihilo
1121 1535 1233 1590 laboret
1253 1533 1291 1590 ad
1312 1534 1487 1606 praedictas

243 1635 426 1706 exceptiones
449 1636 587 1690 sibinen
614 1637 796 1706 profuturas,
823 1634 957 1702 mandat,
986 1640 1017 1688 ut
1045 1649 1102 1689 non
1130 1633 1309 1704 recipiantur
1334 1639 1430 1688 testes
1452 1629 1486 1684 ad

241 1731 408 1802 probandas
429 1734 628 1804 exceptiones,
651 1731 703 1787 sed
723 1733 809 1787 huius
831 1739 915 1786 testes
938 1731 1114 1802 recipiantur
1135 1727 1172 1784 ad
1193 1728 1380 1801 probandam
1406 1745 1486 1784 suam

243 1829 477 1901 replicationem
500 1846 553 1886 uec
574 1830 696 1885 obiicias
718 1828 753 1884 de
774 1830 935 1885 iuramento
956 1829 1033 1884 inira
1054 1827 1090 1882 dc
1111 1827 1229 1882 iureiur.
1244 1827 1278 1880 Si
1297 1844 1365 1881 cero
1390 1824 1433 1900 (c.
1445 1821 1486 1898 3),

244 1928 314 1998 quia
342 1943 379 1982 ex
404 1929 459 1984 hoe
487 1928 626 1998 rescripto
654 1925 788 1982 sacerdos
816 1926 895 1982 credi
925 1933 1020 1998 potest
1050 1925 1086 1980 ab
1114 1924 1286 1996 Apostollco
1318 1923 1485 1980 absolutus.

225 2023 367 2086 ‚Videtur
387 2025 443 2080 hoc
463 2039 526 2096 cap.
549 2032 640 2081 contr.
661 2025 739 2079 infra
760 2040 783 2080 c.
805 2039 906 2096 prox.3
928 2023 979 2080 sed
999 2023 1053 2078 late
1074 2028 1139 2094 post
1159 2021 1412 2098 expoliationem,
1435 2021 1484 2077 ille

246 2127 311 2176 ante
332 2121 498 2194 resignavit.

695 2293 734 2360 Ο.
756 2297 786 2362 2.
828 2300 960 2376 Accepta
980 2306 1034 2359 etc.

927 2452 1067 2508 Dedimus
1082 2450 1165 2506 vobis
1179 2449 1211 2504 in
1225 2446 1386 2518 mandatis,
1409 2446 1483 2520 quod

477 2546 608 2625 (Vacat.)
852 2618 853 2622 Ἰ
888 2551 914 2605 si
929 2547 962 2604 G.
978 2549 1102 2604 clericus
1121 2553 1195 2603 essct
1215 2545 1362 2616 spoliatus
1386 2553 1483 2602 contra

888 2648 933 2702 ius
955 2653 984 2702 ct
1003 2646 1132 2718 legitime
1157 2643 1245 2700 fuerit
1268 2642 1307 2698 ab
1329 2643 1423 2699 initio
1444 2643 1482 2697 in-

245 2744 378 2816 stitutus,
399 2745 598 2814 appellatione
619 2751 728 2801 remota
747 2745 951 2802 restitueretur.
994 2741 1051 2799 Sed
1071 2741 1254 2798 adversarius
1275 2741 1341 2796 eins
1365 2742 1481 2810 excipit,

247 2839 326 2912 quod
346 2840 410 2911 ipse
432 2847 590 2912 spontaneo
611 2849 689 2897 motu
711 2844 742 2896 iu
763 2841 897 2898 manibus
919 2840 1130 2912 archiepiscopi
1152 2839 1305 2895 eeclesiam
1326 2838 1418 2894 illam
1438 2837 1482 2891 ab·

246 2938 370 3006 iuravit,
393 2937 471 3010 quod
492 2939 518 2992 si
537 2954 636 2994 verum
658 2945 714 3008 est,
737 2939 821 2996 vobis
842 2937 1028 3007 mandamus,
1049 2944 1082 2992 ut
1095 2937 1123 2992 ei
1137 2942 1310 3008 perpetuum
1332 2935 1480 2991 silentium

248 3034 416 3106 imponatis.

585 3189 624 3256 O.
645 3192 675 3260 3.
718 3193 843 3256 Fratres
862 3195 1073 3254 Arentarctasce
1093 3202 1145 3279 etc.

291 3346 392 3401 Contra
412 3347 535 3404 abbatem
554 3365 638 3404 mum.
680 3347 755 3420 Ergo
779 3364 839 3404 mo·
927 3347 1065 3404 Monaehi
1091 3362 1175 3404 suum
1202 3343 1338 3402 abbatem
1370 3359 1482 3401 accusa-

247 3444 335 3500 nechi
365 3452 464 3500 contre
497 3462 580 3502 suum
597 3423 600 3432 ¹
615 3445 749 3502 abbatem
784 3446 838 3502 cri·
887 3445 960 3500 bant
973 3445 1009 3500 de
1024 3444 1245 3515 dilapidatione,
1268 3441 1305 3498 de
1321 3444 1481 3513 sortilegio,

248 3541 396 3596 minalitcr
424 3557 506 3614 egere
533 3551 670 3614 possuut3
698 3542 736 3596 ad
759 3542 838 3598 idem
889 3541 925 3598 de
946 3557 978 3596 eo
999 3543 1085 3597 etiam
1105 3539 1185 3612 quod
1206 3545 1280 3596 esset
1300 3541 1433 3608 inutilis,
1458 3547 1481 3592 et

249 3651 289 3691 ar.
311 3639 388 3692 inira
406 3637 444 3692 de
465 3640 640 3694 accusation.
662 3639 714 3694 Ille
737 3635 776 3712 (c.
793 3635 836 3711 5),
889 3654 985 3694 coram
1006 3639 1102 3709 Papa3
1130 3638 1250 3692 nuntius
1273 3651 1343 3692 vero
1368 3635 1481 3692 abbatis

249 3734 294 3788 Ea
308 3743 391 3805 parte
411 3731 451 3808 (c.
468 3729 534 3809 13),
557 3743 585 3792 et
604 3737 646 3791 ita
663 3735 839 3792 credendum
888 3736 960 3791 haec
991 3735 1090 3791 omnia
1121 3732 1254 3807 negando
1269 3728 1295 3806 ⁸)
1331 3733 1481 3790 dominum

250 3837 308 3900 est,
330 3831 388 3885 nisi
409 3839 566 3902 constaret,
588 3834 742 3888 monachos
757 3833 839 3888 mali·
889 3849 972 3888 suum
992 3833 1100 3886 iniuste
1122 3831 1355 3902 conquerebatur
1377 3831 1482 3902 spolia-

250 3929 322 3984 tiose
352 3929 479 3998 versari,
509 3936 542 3984 ut
571 3931 648 3985 inira
678 3929 741 3986 eod.
774 3945 837 4002 cap.
889 3937 958 3986 tum.
988 3925 1205 4000 DelegatPapa
1225 3943 1344 3996 causam
1359 3928 1482 3982 subhac

251 4025 282 4079 in
303 4025 352 4080 dn.
889 4029 996 4093 ferma,
1025 4032 1057 4080 ut
1083 4024 1242 4081 secundum
1269 4025 1419 4080 iustitiam
1439 4025 1483 4079 vel

890 4117 1055 4179 restituatur
1086 4122 1245 4194 spoliatus,
1276 4121 1325 4176 vel
1340 4115 1368 4194 ⁴)
1400 4123 1482 4177 etiarn

250 4216 424 4290 deponatur,
452 4221 478 4274 si
505 4221 562 4275 tale
590 4222 698 4276 crimen
725 4219 878 4292 probatum
903 4221 1005 4288 luerit,
1032 4235 1133 4275 verum
1154 4219 1181 4274 si
1201 4219 1302 4274 iratres
1324 4218 1357 4272 iu
1379 4219 1481 4290 proba·

249 4315 328 4372 tione
349 4315 522 4386 defecerint,
545 4315 635 4390 digna
654 4317 904 4374 animadversione
924 4317 1092 4389 puniantur.

321 4545 378 4598 Lib.
390 4545 429 4598 ΙΙ.
448 4547 483 4599 ts't.
495 4544 521 4598 9.
541 4575 572 4585 -
611 4547 632 4612 ¹)
650 4545 682 4600 In
701 4545 1003 4612 Codpararcpsobataa.
1054 4545 1078 4610 ²)
1097 4542 1164 4597 cod.
1183 4551 1240 4594 teste
1257 4549 1340 4610 atque
1358 4560 1409 4594 aaa
1421 4543 1478 4606 deb,
